2072 3568
366 211 466 262 cap.
502 210 590 260 111,
623 210 669 260 9,
706 209 766 250 10.
1145 206 1221 248 110

364 337 605 389 genetivum
638 333 899 387 (δουλοσύνης
926 334 1226 385 coniungeret,
1269 334 1471 384 quoniam
1501 333 1605 375 haec
1633 333 1788 377 locutio
1813 334 1859 378 ia
1886 335 2005 389 poni

363 402 707 454 epigrammatica
740 401 811 451 (cl.
844 412 939 452 epp.
976 400 1074 449 101,
1111 399 1200 450 139,
1236 400 1317 439 AP.
1353 399 1472 439 xm.
1505 399 1549 450 4)
1571 399 1687 440 haud
1706 400 2000 444 tumui-erat.

418 469 495 519 Ep.
537 468 584 507 91
632 478 671 506 v.
713 467 738 506 2
781 466 822 505 in
861 465 1079 505 codicibus
1117 464 1339 505 Aristideis
1379 476 1488 515 non,
1533 467 1582 505 ut
1616 467 1805 517 oportet,
1847 461 2044 519 legitur*

364 534 535 585 τέτορες,
579 532 651 572 sed
687 531 871 583 τέτταρες
900 530 1107 582 (ASQT),
1143 530 1337 582 τέσσαρες
1366 530 1456 582 (U).
1504 530 1686 571 Librarii
1713 531 1856 583 potius
1881 542 2006 574 error
2035 529 2052 578 ’ζ

362 611 491 650 quam
521 597 717 638 Aristidis
747 596 1010 648 neglegentia
1039 596 1312 647 agnoscenda
1344 596 1526 636 videtur.

417 664 622 705 Consulto
663 662 869 702 Aristides
913 662 1186 713 neglegenter
1222 662 1469 702 exhibuisse
1510 661 1680 702 videtur
1714 674 1811 715 epp.
1844 662 1921 705 104
1959 665 2006 706 d
2038 653 2060 657 ’

366 731 461 781 132,
503 741 687 780 quorum
716 731 884 768 tantum
914 728 1153 779 fragmenta
1183 728 1388 768 laudavit.
1436 727 1654 768 Notissimi
1681 728 2047 784 epigrammatis„

366 797 439 836 132
468 794 759 845 sesquiversui
788 793 950 833 addidit
979 790 1094 844 οἶμαι
1123 791 1229 845 λέγει
1258 791 1304 833 τὸ
1333 792 1601 846 ἐπίγραμμα,
1642 796 1691 834 ιιι
1717 793 1860 847 inepte
1885 793 2003 846 loqui

362 862 497 901 solent
536 860 727 899 rhetores
766 859 834 898 isti
861 858 930 909 ⁵¹).
979 859 1056 909 Ep.
1093 858 1167 898 104
1206 861 1342 899 totum
1380 859 1435 899 ad
1473 861 1664 899 nostram
1693 859 1886 901 nouum
1914 868 2003 903 m

362 926 566 977 pervenit.
2018 930 2054 979 52

415 991 747 1043 Epigrammatis
778 990 854 1030 138
881 991 1121 1042 fragmenta
1142 991 1229 1031 duo
1248 990 1394 1031 laudat
1419 990 1563 1031 rhetor
1581 990 1635 1031 de
1654 990 1712 1031 1v
1731 990 1812 1031 vir.
1828 989 1909 1032 234
1929 991 1999 1044 D„

359 1058 459 1097 dicit
495 1057 607 1096 enim
645 1057 782 1107 magis
821 1056 1049 1096 Miltiadem
1079 1068 1209 1106 quam
1240 1056 1499 1097 Pausaniam
1526 1056 1724 1096 decuisse
1754 1047 2054 1109 buypdqom'

361 1122 420 1162 ὅτι
459 1119 697 1173 ’στρατὸν
735 1119 902 1161 ὤλεσε
938 1118 1157 1174 Μήόων’
1188 1152 1196 1161 .
1233 1152 1242 1161 .
1278 1152 1287 1161 .
1321 1152 1331 1161 .
1364 1119 1436 1162 καὶ
1468 1120 1516 1162 τό
1544 1135 1591 1174 γε
1617 1119 1768 1163 τούτου
1791 1117 2049 1175 aedrepar}

361 1187 406 1227 τὸ
435 1185 715 1239 ·Ἑλλήνων
750 1185 1005 1240 ἀρχηγός’
1033 1185 1225 1239 ἀκριβῶς
1253 1187 1457 1240 ἥρμοττεν
1483 1185 1602 1240 αὐτῷ
1628 1185 1715 1227 κτλ.
1760 1186 2054 1239 Μάὴιικ-

359 1254 530 1293 traditio
556 1253 876 1304 epigrammatis
904 1254 960 1302 A,
994 1265 1092 1292 nam
1126 1252 1155 1292 S
1180 1256 1221 1293 et
1241 1254 1402 1293 formas
1424 1253 1598 1293 Doricae
1618 1252 1747 1294 habet
1762 1253 1807 1293 et
1823 1249 1996 1304 ὤλεσα,
2018 1249 2052 1309 js

359 1320 411 1358 et.
447 1318 473 1370 g
508 1318 582 1358 138
609 1320 649 1358 et
681 1317 755 1357 139
785 1329 826 1357 n.
862 1318 924 1357 11.
2016 1312 2046 1370 5.

415 1384 441 1436 ξ
481 1384 544 1424 62.
607 1382 674 1423 De
710 1381 938 1423 Aristidis
973 1382 1192 1424 fontibus.
1253 1384 1526 1435 Quamquam
1565 1383 1790 1424 Aristidem
1825 1393 1903 1424 aa
1927 1382 2045 1425 mn

358 1451 664 1501 epigrammata
694 1451 741 1488 ut
773 1448 1016 1489 Simonidea
1045 1449 1203 1489 afferre
1226 1449 1416 1489 noluisse
1433 1449 1652 1501 apparuit,
1683 1450 1826 1490 tamen
1845 1446 2039 1490 dimit

359 1516 456 1566 quis
485 1515 577 1555 fieri
607 1526 753 1565 posse,
796 1517 843 1554 ut
871 1526 922 1554 ex
954 1514 1198 1555 Simonidea
1230 1515 1403 1567 Sylloge
1432 1515 1518 1567 (vel
1546 1514 1715 1556 Corona
1742 1511 1999 1567 Μάκετα)

358 1593 405 1620 ea
435 1581 641 1631 petiverit.
688 1581 826 1627 Quam
855 1581 1097 1632 opinionem
1128 1582 1359 1632 reprobant
1385 1581 1743 1633 epigrammatum
1772 1579 1851 1621 142
1875 1581 1920 1620 οι
1943 1578 2000 1621 97

358 1649 522 1696 textus,
554 1658 663 1696 quos
693 1658 717 1686 a
748 1647 975 1686 traditione
1007 1646 1036 1686 S
1067 1658 1327 1698 magnopere
1354 1646 1586 1687 abhorrere
1614 1646 1814 1687 vidimus.
1850 1645 2006 1697 Neque*
2022 1638 2046 1694 ζ’,

357 1724 409 1751 ex
437 1713 579 1762 aliqua
609 1712 964 1763 epigrammatum
994 1713 1238 1752 collectione
1264 1713 1420 1752 hausta
1448 1722 1544 1752 esse
1570 1709 1868 1763 videntur-³2),
1897 1717 1999 1752 0111ιὶ

358 1778 582 1817 Aristidem
620 1789 714 1828 epp.
747 1778 799 1818 90
836 1781 876 1817 et
916 1778 991 1817 142
1029 1789 1081 1818 ex
1109 1780 1300 1829 tempore
1327 1778 1528 1818 laudasse
1555 1776 1803 1829 apparuerit
1826 1785 1883 1817 ex
1907 1777 2034 1816 tex-

357 1843 473 1882 tibus
501 1845 658 1882 temere
685 1844 968 1883 commutatis.
1004 1844 1149 1883 Restat
1168 1844 1312 1895 igitur,
1342 1846 1390 1883 ut
1409 1844 1622 1884 rhetorem
1640 1854 1694 1882 ex
1712 1840 2044 1896 scriptoribus}

356 1920 404 1948 ea
441 1908 708 1948 recordatum
737 1920 832 1948 esse
860 1909 983 1948 nobis
1012 1909 1363 1959 persuadeamus.
1410 1909 1490 1960 Ep.
1522 1908 1572 1949 91
1601 1910 1644 1949 et
1674 1907 1751 1948 132
1777 1903 2045 1955 Herodoto?

356 1974 500 2013 deberi
520 1976 722 2024 possunt,
754 1986 820 2025 ep.
846 1973 898 2013 90
918 1974 972 2013 ad
998 1974 1248 2025 scriptorem
1273 1974 1523 2014 historicum
1549 1983 1770 2014 recurrere
1789 1961 2042 2013 {aufidi-³⁵

357 2051 454 2078 mus
485 2038 531 2091 (ξ
562 2039 646 2090 59).
683 2040 944 2079 Historicum
968 2040 1128 2079 fontem
1147 2039 1281 2091 digito
1300 2042 1543 2080 monstrare
1561 2049 1817 2090 possumus,
1847 2035 2043 2078 ubido

357 2104 414 2143 1v
442 2105 546 2144 viris
565 2105 643 2144 234
664 2106 713 2144 D.
742 2105 912 2155 respicit
933 2105 1173 2145 Pausaniae
1190 2105 1454 2156 epigramma
1476 2103 1553 2145 132
1574 2103 1646 2155 (cf.
1671 2101 1700 2156 g
1720 2103 1771 2144 61
1790 2101 1907 2155 nm),
1929 2113 1992 2144 ιο.

356 2171 644 2222 Thucydidem
677 2171 748 2222 (cf.
775 2169 801 2223 ἓ
822 2170 917 2221 43),
950 2173 1080 2221 atque
1099 2171 1173 2210 ubi
1194 2171 1373 2211 Panath.
1396 2170 1476 2210 240
1497 2171 1545 2210 D.
1570 2169 1642 2221 (cf.
1667 2167 1695 2222 ξ
1715 2167 1787 2222 57)
1805 2166 2042 2223 made-:230

356 2236 524 2276 videtur
552 2237 606 2276 ad
634 2236 951 2286 inscriptionem
983 2236 1067 2288 (ep.
1103 2235 1197 2287 140)
1227 2248 1329 2276 arae
1356 2238 1453 2287 post
1481 2246 1673 2287 pugnam
1702 2234 1998 2276 Pinum

398 2360 446 2401 51)
493 2361 681 2404 Victoriae,
705 2371 813 2404 quam
838 2362 1074 2395 Athenienses
1096 2372 1138 2395 ex
1166 2363 1302 2396 Boeotis
1325 2361 1689 2404 Chalcidensibusque
1710 2359 1890 2395 nomenati
1907 2361 1998 2394 sunt

355 2426 512 2459 quuamq
516 2427 535 2450 e
558 2418 622 2451 hoc
645 2418 801 2452 celebrat
822 2428 894 2461 ep„
926 2419 1097 2452 Aristides
1121 2420 1194 2461 ipse
1219 2429 1355 2453 mernor
1378 2422 1434 2452 est
1457 2416 1711 2451 Panatln.120
1732 2426 1765 2460 p.
1786 2414 1856 2450 195
1877 2415 1917 2450 D.
1940 2414 1995 2450 Ad
2014 2430 2049 2467 ³³21

355 2483 462 2515 quem
494 2474 609 2507 locum
641 2475 797 2508 scholion
830 2479 930 2508 extat
952 2475 1008 2516 (ex
1033 2476 1107 2509 cod.
1134 2475 1161 2508 D
1186 2485 1217 2518 p.
1241 2474 1308 2508 119
1333 2475 1433 2508 Dind.
1448 2485 1510 2517 ..p
1532 2474 1578 2507 ⁴6
1602 2474 1675 2516 Fr„
1697 2473 1830 2516 legitur
1848 2467 2037 2518 quoqu-{352

356 2530 390 2562 in
416 2530 610 2571 Leidensi),
634 2531 728 2574 quod
752 2541 794 2564 ex
820 2531 945 2565 Herod.
968 2532 1005 2564 V.
1027 2531 1069 2564 77
1089 2535 1232 2565 enarrat
1252 2531 1522 2565 Atheniensium
1543 2540 1600 2564 res
1618 2531 1655 2564 in
1674 2530 1736 2563 illo
1754 2529 1846 2563 bollo
1862 2529 1993 2573 mu.

356 2586 454 2628 Apul
490 2586 542 2619 Fr.
572 2585 634 2620 351
669 2587 828 2621 eiusdem
859 2588 982 2621 scholii
1017 2588 1076 2621 nni
1105 2589 1251 2622 accessit
1273 2587 1331 2629 (ex
1355 2589 1430 2622 cod.
1453 2587 1499 2627 A)
1521 2587 1682 2621 clausula
1703 2583 1820 2623 οὕτως
1839 2579 2049 2628 ἄγρωυῖῧ

354 2638 391 2673 ἐν
421 2639 655 2684 ἐπιγράμματι
686 2640 742 2675 ἐπι
774 2646 823 2685 τῷ
854 2642 1056 2686 τεθρίππῳ,
1088 2654 1124 2687 qi
1126 2655 1196 2677 iam
1221 2645 1263 2677 ad
1289 2645 1472 2687 pristinam
1497 2644 1619 2677 scholii
1643 2643 1794 2676 formam
1816 2650 1890 2676 nou
1911 2650 2043 2691 βῦι

356 2698 467 2731 tinere
500 2699 729 2732 manifestum
762 2704 826 2733 est.
860 2700 1099 2743 Magistellus,
1130 2702 1191 2743 qui
1225 2701 1310 2734 haec
1343 2700 1448 2734 verba
1469 2701 1647 2742 ascripsit,
1678 2700 1827 2733 lectores
1848 2707 2038 2733 monem

356 2755 505 2787 voluisse
531 2755 669 2788 videtur
691 2757 782 2798 apud
811 2756 1023 2790 Herodotum
1049 2758 1157 2790 etiam
1182 2767 1380 2790 sermonem
1405 2767 1482 2790 esse
1504 2757 1548 2789 de
1570 2756 1824 2799 epigrammate
1844 2754 1993 2798 quadri-
2037 2775 2040 2778 ›

354 2821 478 2850 garum
502 2812 671 2854 crepidini
695 2812 880 2854 insculpto.
909 2812 999 2851 Quid
1026 2813 1112 2846 illud
1138 2810 1259 2855 ἅγρων
1281 2813 1347 2846 sibi
1373 2814 1473 2855 velit,
1497 2822 1538 2846 ex
1562 2822 1633 2855 quo
1654 2811 1835 2855 quondam
1858 2804 2045 2845 ιιονιιηΐέ

355 2867 576 2900 resuscitavit
598 2871 736 2909 poetam
762 2869 937 2911 Agl-onem
964 2869 1075 2911 Bergk
1109 2868 1167 2910 (cl'.
1192 2869 1290 2903 Steiu
1316 2869 1358 2902 ad
1385 2869 1464 2902 Her.
1489 2870 1554 2910 l.l.
1581 2868 1765 2901 Kirchhon'
1782 2866 1868 2901 cu.
1889 2861 2041 2910 3343&ss

355 2933 399 2955 no
379 2923 472 2955 ound
452 2934 510 2956 um
542 2924 714 2957 extricata
694 2934 752 2957 um
786 2929 850 2958 est.
886 2925 1000 2967 Bergk
1033 2930 1199 2968 posteav
1179 2926 1326 2959 verbum
1351 2935 1426 2958 esse
1449 2925 1631 2967 compendi
1636 2934 1716 2966 um,
1745 2923 1840 2966 quod
1862 2932 1930 2966 eg.
1951 2922 2026 2956 in
2030 2923 2040 2929 ”

353 2975 396 3010 ἂν
378 2976 508 3021 νέγνων
538 2983 602 3012 aut
631 2977 787 3022 &mmm-r
817 2982 886 3013 sol
884 2981 1025 3014 endum
1056 2986 1167 3022 esset,
1198 2982 1386 3015 intellexit.
1422 2981 1535 3014 Multo
1558 2981 1686 3014 melius
1710 2979 1820 3013 Riner
1841 2979 2027 3013 coniecit

353 3032 594 3077 ἀναγράψω
594 3046 623 3072 c·
2042 3036 2045 3038 ’

398 3089 446 3132 ·2>
492 3092 542 3124 cf.
570 3093 623 3126 Wi
627 3094 801 3126 lamowitz
826 3105 856 3136 p.
880 3093 945 3126 317
969 3093 1091 3136 (supra
1115 3093 1133 3135 S
1155 3094 1199 3127 55
1222 3094 1343 3135 laud).
