2072 3568
0 746 6 759 .

0 898 19 955 ,ᾗ

0 964 7 1007 [1

0 1016 7 1085 ἓ

0 1092 20 1124 ,³2

896 214 947 253 27
1515 212 1540 263 ξ
1575 214 1636 262 17,
1672 213 1733 252 18.

78 343 223 392 *poeta
265 341 319 379 ab
360 339 742 389 Amphictyonibus
785 339 1013 388 invitatus,
1061 342 1107 377 ut
1148 340 1465 389 epigrammatis
1509 311 1737 378 celebraret

101 407 337 448 occisorum
380 405 652 455 memoriam,
700 417 776 454 pro
820 405 955 454 vatis,
1002 407 1147 454 utpote
1191 405 1369 454 hospitis
1413 405 1505 454 sui,
1553 405 1739 444 carmine

102 473 261 512 donum
299 471 488 521 accipere
526 471 745 510 noluisset.
793 471 858 508 Ex
896 471 1025 509 fontis
1064 475 1205 510 autem
1244 471 1568 520 investigatione
1596 470 1738 508 didici-

102 549 199 577 mus
236 537 345 576 duas
382 537 486 576 alias
516 536 786 585 quaestiones
815 547 909 574 esse
937 535 989 574 de
1018 535 1220 574 Herodoti
1251 535 1352 573 fide:
1400 534 1439 583 l)
1481 547 1737 573 memorave-

102 603 211 642 ritne
252 604 312 641 tot
353 602 520 651 cippos,
567 603 670 650 quot
713 601 962 639 statuissent
1007 601 1353 650 Amphictyones;
1397 600 1439 650 2)
1484 601 1738 650 praebeatne

101 668 336 719 genuinum
365 667 722 718 epigrammatum
750 668 926 705 textum.

155 733 415 783 Incipiamus
443 745 468 771 a
497 733 746 782 quaestione
773 717 826 770 de
854 732 1074 781 cipporum
1106 743 1296 770 numero.
1337 732 1426 769 Iam
1458 731 1561 769 satis
1591 742 1736 780 super-

101 810 184 848 que
220 798 418 848 apparuit
457 798 720 836 Herodotum
758 798 838 836 hac
875 797 917 835 in
953 809 998 835 re
1027 809 1174 835 verum
1206 809 1290 835 non
1321 797 1499 835 tradere.
1548 796 1738 834 Fuerunt

101 856 324 913 quinque,
358 875 443 902 non
487 865 572 901 tres
611 862 731 912 pilae.
780 862 1071 900 Peculiaribus
1109 862 1303 900 honorati
1343 864 1443 899 sunt
1482 861 1613 899 titulis
1652 862 1737 898 tres

100 929 195 968 illae
218 931 384 979 gentos,
413 940 523 977 quae
548 931 642 977 post
667 930 903 966 ceterarum
930 929 1145 977 receptum
1169 927 1283 965 solae
1308 926 1448 964 Persis
1472 926 1736 964 restiterunt:

103 993 362 1043 Spartiatae,
408 993 712 1043 Thespienses,
759 993 963 1031 Thebani.
1014 992 1219 1031 Peculiari
1257 1003 1428 1040 quoque
1465 991 1738 1040 inscriptione

100 1059 308 1098 celebrata
341 1060 404 1097 est
434 1058 544 1096 vatis
574 1058 802 1107 memoria,
844 1058 917 1107 qui
947 1058 1051 1096 alter
1079 1057 1364 1106 Amphiaraus
1393 1055 1444 1105 ι42)
1477 1052 1736 1105 exploratam

101 1124 327 1174 perniciem
370 1135 455 1162 non
497 1123 668 1173 effugit;
713 1135 848 1161 unum
892 1134 1116 1162 commune
1158 1123 1418 1171 epigramma
1458 1121 1599 1159 nancti
1638 1123 1737 1158 sunt

11 1185 46 1208 Ὗ
100 1201 268 1238 omnes,
311 1189 384 1238 qui
421 1189 463 1227 in
503 1189 673 1238 proeliis
708 1188 1002 1237 superioribus
1032 1187 1315 1226 conciderant.
1363 1186 1486 1231 Quod
1516 1197 1592 1224 cur
1623 1186 1736 1223 Pelo-

0 1981 10 2284 “’“’“-’”“’”“·“’”“’·“”·““““
0 1703 25 1976 ”···““”«·-*φ·π·»”νψ.·ε
15 1619 18 1621 ,

0 1982 36 2333 (ιηωνῆμιεῆᾫωμν
10 1897 25 1971 ³⁷
10 1813 22 1820 ¹
22 1778 30 1801 Α.
12 1731 21 1765 Q

6 2726 55 3093 maseva

100 1254 316 1304 ponnesiis
341 1254 593 1303 inscriptum
620 1254 695 1303 sit,
730 1265 844 1292 nunc
872 1253 942 1303 (cf.
975 1252 1000 1303 ξ
1031 1251 1096 1302 12)
1126 1253 1245 1291 facile
1269 1253 1456 1301 apparet.
1492 1252 1737 1290 Ceterarum

100 1319 210 1358 enim
253 1319 470 1369 gentium,
517 1331 627 1367 quae
668 1318 751 1356 illis
794 1318 1081 1356 interfuerunt
1125 1317 1308 1367 pugnis,
1354 1317 1489 1365 duae,
1537 1317 1737 1354 Thebana

100 1384 480 1434 Thespiensisquc,
524 1384 810 1433 peculiaribus
850 1383 983 1422 titulis
1021 1383 1104 1422 iam
1143 1385 1263 1421 erant
1293 1383 1560 1430 honestatae,
1603 1382 1733 1430 duae,

101 1449 324 1489 Locrensis
354 1449 690 1497 Phocensisque,
729 1448 905 1497 insuper
934 1450 1153 1496 evocatae,
1186 1448 1398 1486 communi
1430 1447 1555 1486 saluti
1586 1459 1737 1496 parum

101 1515 424 1564 consuluerant,
459 1526 587 1563 quam
614 1516 659 1552 ut
685 1514 896 1563 neglectos
923 1526 967 1551 se
988 1525 1081 1552 esse
1103 1525 1228 1562 aegre
1251 1514 1359 1551 ferre
1382 1515 1554 1562 possent
1579 1511 1624 1562 (ξ
1652 1512 1733 1560 16).

102 1580 193 1620 Hoc
221 1592 286 1630 ep.
319 1582 535 1630 praeterea
564 1579 605 1618 in
638 1581 784 1629 gentes
811 1579 1064 1628 praecipuae
1089 1590 1257 1628 pugnae
1283 1578 1506 1627 participes
1532 1577 1736 1626 seriptum

101 1656 196 1683 esse
223 1645 455 1695 dicebatur,
490 1657 542 1683 ne
570 1644 852 1694 Thespienses
882 1644 993 1682 iusto
1023 1644 1183 1682 honore
1212 1643 1364 1692 privati
1396 1643 1652 1681 viderentur.

154 1710 353 1749 Notitiam
392 1711 444 1749 de
485 1710 702 1749 Simonide
739 1709 957 1759 Megistiae
990 1709 1279 1758 inscriptionis
1308 1708 1565 1757 dedicatore,
1608 1719 1735 1756 quam

101 1775 184 1815 iam
223 1787 298 1826 per
334 1787 380 1814 se
409 1775 479 1814 vix
510 1775 661 1814 falsam
690 1787 784 1813 esse
813 1787 939 1824 posse
968 1774 1113 1812 monui
1145 1773 1191 1824 (ξ
1226 1772 1316 1823 12),
1360 1785 1495 1822 nunc,
1537 1785 1633 1811 cum
1665 1784 1738 1822 per

104 1841 341 1891 Spartiatas
382 1853 474 1880 eam
517 1842 731 1879 servatam
774 1852 868 1879 esse
909 1840 1134 1889 apparuit,
1187 1851 1271 1877 non
1318 1851 1462 1878 veram
1505 1850 1598 1876 esse
1641 1838 1737 1886 quis

101 1905 345 1956 putaverit?
389 1906 508 1951 Quae
544 1906 656 1945 enim
695 1918 801 1956 gens
840 1906 1144 1944 accuratiorem
1184 1905 1495 1954 Spartiatarum
1526 1904 1735 1942 honorum

103 1971 248 2022 (atque
289 1972 332 2010 in
374 1972 426 2010 iis
468 1971 686 2022 Megistiae
727 1971 875 2010 laudes
919 1969 1204 2020 habebantur)
1251 1970 1519 2008 traditionem
1558 1968 1738 2007 coluisse

101 2037 310 2076 censenda
339 2039 424 2087 est,
467 2049 596 2086 quam
630 2037 843 2086 Spartana
873 2036 999 2086 ipsa?
1044 2036 1163 2080 Quae
1191 2035 1305 2085 apud
1334 2035 1427 2073 illos
1460 2034 1626 2083 vigebat
1655 2036 1736 2071 tra-

101 2101 224 2152 ditio,
256 2114 304 2141 ea
333 2102 387 2141 ad
415 2102 552 2152 ipsam
584 2104 957 2140 monumentorum
982 2101 1287 2140 extructionem
1314 2111 1532 2138 recurrere
1555 2099 1732 2137 videtur.

105 2166 342 2206 Simonides
379 2167 493 2216 quod
532 2179 610 2217 pro
640 2167 858 2217 Megistiae
885 2167 1190 2217 epigrammate
1220 2166 1441 2215 pecuniam
1473 2164 1733 2213 repudiavit,

102 2243 179 2282 pro
206 2233 354 2271 ceteris
383 2233 571 2283 accipere
600 2245 685 2271 non
716 2232 877 2271 veritus
907 2234 993 2281 est,
1027 2231 1219 2270 homines
1249 2231 1400 2279 movit,
1435 2232 1481 2268 ut
1506 2242 1601 2268 eum
1629 2229 1737 2267 vatis

101 2296 387 2347 inscriptionis
416 2298 698 2336 dedicatorem
730 2297 970 2346 proderent.
1008 2297 1099 2335 Dixi
1129 2308 1207 2346 pro
1236 2294 1393 2335 ceteris
1420 2293 1737 2344 epigrammatis

101 2361 139 2401 ei
174 2363 408 2412 praemium
448 2363 635 2402 solutum
670 2375 777 2401 esse.
823 2363 930 2400 Nam
960 2362 1060 2411 hoc,
1102 2362 1275 2411 opinor,
1319 2373 1433 2399 nunc
1462 2361 1553 2398 luce
1581 2358 1737 2397 clarius

101 2429 165 2466 est
203 2427 463 2467 Simonidem
502 2440 587 2467 non
626 2428 764 2467 solum
794 2431 960 2477 poetam
990 2427 1123 2465 fuisse
1151 2427 1505 2476 epigrammatum
1537 2424 1736 2473 Pelopon-

102 2492 316 2532 nesiorum
353 2495 481 2543 atque
522 2493 859 2543 Spartiatarum,
902 2504 1087 2542 quorum
1128 2491 1328 2530 memoria
1368 2491 1485 2529 iuxta
1517 2490 1624 2527 vatis
1654 2488 1736 2537 epi-

102 2567 293 2607 gramma
322 2561 492 2598 servata
521 2561 607 2608 est,
641 2559 714 2597 sed
744 2559 869 2597 etiam
899 2557 1223 2607 Thespiensium
1254 2558 1381 2605 atque
1410 2555 1732 2602 Thebanorum,

103 2632 212 2671 quae
235 2623 411 2672 periisse
432 2624 771 2663 demonstratum
793 2624 963 2675 ivimus.
997 2623 1326 2672 Amphictyones
1350 2621 1548 2659 nimirum
1573 2621 1735 2669 poetam

102 2685 407 2739 invitaverant,
449 2690 495 2727 ut
533 2700 713 2738 omnes,
756 2700 864 2738 quos
903 2689 1138 2727 statuerent
1178 2687 1345 2736 cippos,
1388 2686 1413 2724 i.
1455 2698 1489 2724 e.
1534 2683 1739 2736 quinque

103 2752 287 2792 carmine
314 2755 541 2792 exornaret
570 2753 638 2803 43).

146 2916 194 2959 ⁴2)
240 2919 421 2953 Wecklein
452 2931 482 2962 p.
507 2920 583 2953 288.

147 2973 194 3015 43)
239 2975 300 3008 Vel
313 2977 362 3009 sic
374 2977 915 3018 demonstraturThespiensinm
932 2976 1148 3017 «epitaphium
1160 2975 1382 3013 (l’hilixulae),
1396 2974 1437 3004 «lo
1451 2984 1520 3014 qun
1534 2974 1576 3004 cf.
1590 2983 1669 3004 ann.
1683 2973 1738 3003 223,

104 3031 297 3072 genuinum
321 3033 538 3075 epigramma
562 3043 629 3065 non
655 3043 747 3073 csse,
772 3032 830 3064 sed
857 3031 1194 3069 demonstrativum;
1223 3030 1443 3062 Locrensium
1462 3033 1580 3060 mitem
1595 3039 1735 3060 carnwn

38 3116 60 3135 z.
104 3087 294 3128 sepulcrale
317 3087 376 3128 (er.
399 3098 480 3121 ann.
505 3088 564 3129 32)
589 3094 722 3122 temere
748 3089 840 3121 inter
864 3087 1066 3121 Simoniden.
1089 3087 1163 3127 (93)
1187 3097 1262 3118 esse
1288 3089 1476 3126 receptum.
