2072 3568
334 251 435 301 (lap.
469 249 558 300 111,
591 251 654 291 32.
1110 252 1186 292 204

333 376 577 415 imitationis
607 377 810 417 rationem
841 377 1074 428 apparebit.
1109 377 1157 417 In
1189 378 1326 429 prima
1354 381 1509 430 aetate,
1540 391 1653 431 quae
1678 380 1971 434 complectitur

333 442 586 481 imitationes
625 443 758 482 factas
795 445 894 482 ante
934 443 1133 494 Syllogen
1176 443 1463 484 Simonideam
1501 445 1825 499 concinnatam,
1868 458 1965 500 epp.

332 518 489 556 pauca,
522 519 632 557 quae
663 507 835 558 vulgata
863 510 1006 558 erant,
1041 511 1087 548 ut
1115 520 1353 559 anonyma,
1385 509 1619 551 imitatione
1639 522 1844 563 expressa
1866 514 1971 554 nunt

334 572 380 622 (ξ
424 572 537 622 122),
580 573 621 612 in
661 573 814 623 altera,
855 585 967 623 quae
1001 585 1139 625 usque
1165 574 1220 614 ad
1250 574 1462 615 Coronam
1492 576 1772 628 Meleagream
1798 589 1969 621 oom-

331 641 414 676 tam
445 638 706 688 extenditur,
744 638 1052 689 Alexandrina,
1083 651 1136 678 ex
1165 640 1366 679 omnibus
1395 641 1529 691 poetis
1556 641 1856 683 Alexandrinis
1882 644 1969 696 epl-

330 703 618 751 grammaticis
665 715 781 743 unus
827 704 1068 744 Mnasalcas
1113 704 1313 756 Syllogen
1360 706 1647 747 Simonideam
1689 711 1864 750 secutus
1902 710 1970 751 ent

332 766 411 818 (§§
446 768 694 819 123-130),
731 769 773 808 in
803 769 948 820 tertia,
983 770 1196 820 Romana,
1229 782 1341 820 quae
1368 772 1688 823 comprehendit
1713 773 1969 816 imitationes

331 833 540 883 Meleagro
569 834 844 884 posteriores,
880 834 1123 875 Simonidea
1151 847 1246 886 epp.
1279 838 1447 876 tantum
1476 837 1765 879 inservierunt
1788 837 1968 892 insersp·
2052 821 2072 902 ’ζ

329 899 491 938 tionum
530 899 777 939 auctoribus
807 900 1081 951 vulgaribus,
1123 901 1196 951 qui
1226 902 1268 940 in
1299 902 1533 953 Meleagron
1563 902 1732 944 Corona
1757 905 1968 957 epigram-

330 967 489 1003 matum
520 965 782 1016 quaerebant
810 966 1001 1016 exempla
1033 965 1081 1018 (ξ
1114 966 1223 1017 131).

384 1028 409 1080 ξ
444 1029 531 1069 122.
592 1029 887 1071 Imitationem
914 1032 1023 1071 ante
1050 1030 1270 1083 Sylloyen
1293 1031 1615 1074 Simonideam
1638 1032 1968 1077 concinnatam

327 1094 487 1134 sactae.
550 1096 722 1146 Poetae,
764 1097 838 1146 qui
872 1108 966 1148 epp.
1004 1096 1246 1137 Simonidea
1276 1098 1509 1139 imitatione
1535 1102 1842 1151 expresserunt
1867 1103 1969 1143 ante

330 1159 528 1210 Syllogen
571 1160 858 1201 Simonideam
895 1162 1130 1212 conditam,
1172 1163 1329 1202 scilicet
1367 1164 1545 1204 carmini
1584 1176 1665 1205 suo
1692 1165 1968 1207 subiecerunt

330 1225 559 1265 Simonidei
597 1227 916 1277 epigrammatis
953 1227 1222 1267 traditionem
1261 1240 1521 1279 anonymam
1559 1230 1615 1282 A,
1656 1242 1768 1282 quae
1794 1231 1848 1272 iis
1875 1231 1968 1273 sive
2054 1254 2060 1257 Α

326 1303 377 1330 ex
423 1303 634 1342 marmore
675 1292 768 1342 ipso
810 1293 900 1332 sive
940 1293 1055 1343 quod
1098 1293 1271 1344 vulgata
1310 1296 1423 1344 erat,
1470 1298 1569 1335 nota
1607 1296 1744 1337 fuisse
1778 1297 1974 1338 videtur..

326 1357 446 1402 Quae
482 1359 627 1396 extant
665 1357 794 1396 huius
832 1358 982 1397 aetatis
1021 1358 1300 1409 imitationes,
1341 1371 1416 1399 eae
1442 1371 1592 1401 omnes
1620 1361 1894 1413 reperiuntur
1918 1363 1966 1404 in

326 1422 551 1472 lapidibus.
594 1422 688 1468 Qua
717 1423 770 1462 de
798 1434 844 1462 re
871 1435 957 1462 non
986 1426 1071 1474 est,
1104 1424 1220 1474 quod
1249 1425 1466 1465 miremur.
1509 1426 1677 1467 Etenim
1707 1425 1968 1469 littorariae

326 1499 500 1537 poeseos
529 1488 899 1539 epigrammaticae
923 1490 1154 1539 primordia
1178 1490 1295 1530 haud
1322 1492 1456 1531 multo
1478 1494 1578 1532 ante
1600 1493 1739 1544 ipsam
1762 1493 1963 1547 Syuogen

329 1552 614 1592 Simonideam
644 1554 939 1594 concinnatam
968 1556 1166 1605 ponenda
1194 1567 1289 1596 esse
1317 1556 1530 1597 videntur.

379 1618 585 1657 Novimus
613 1619 743 1658 huius
771 1620 920 1659 aetatis
949 1620 1204 1660 imitationes
1233 1622 1379 1662 hasce:

382 1683 415 1722 1.
477 1684 661 1724 Imitatio
689 1685 1008 1735 epigrammatis
1038 1686 1360 1737 Eurymedontii
1393 1688 1467 1728 105
1496 1691 1612 1729 extat
1634 1689 1678 1729 in
1701 1690 1832 1732 inser.
1852 1691 1959 1733 Gla.

326 1749 395 1788 IV.
434 1749 512 1788 446
547 1760 577 1789 a
614 1762 654 1800 p.
696 1749 784 1789 108
811 1750 1066 1800 (Hoffmann
1105 1752 1179 1802 36,
1223 1753 1499 1793 Hicks—Hill
1534 1753 1609 1805 46,
1650 1754 1704 1795 ci.
1740 1755 1965 1797 Kirchhofl

326 1814 472 1854 Herm.
517 1814 578 1854 l'c'.
623 1815 724 1854 1882
766 1828 807 1866 p.
850 1816 926 1855 623
971 1816 1103 1868 sqq.).
1155 1818 1318 1858 Tabula
1361 1820 1587 1859 marmoris
1629 1820 1827 1862 Pentelici
1867 1823 1960 1874 est,

324 1891 435 1929 quae
461 1880 709 1920 memoriam
739 1882 924 1921 continet
953 1894 1123 1933 eorum,
1162 1884 1236 1933 qui
1265 1884 1319 1924 ad
1349 1884 1612 1935 Hellesponti
1638 1897 1740 1926 oras
1765 1898 1963 1939 pugnan-

324 1947 387 1983 tes
424 1946 665 1985 ceciderunt
699 1948 867 1986 saeculo
895 1948 1046 1997 quinto
1073 1952 1272 1998 exeunte3
1312 1949 1365 1989 de
1392 1950 1655 1990 accuratiore
1681 1952 1832 1992 aetatis
1857 1951 1962 1993 defi-

324 2010 482 2049 nitione
510 2013 800 2052 controversia
828 2015 893 2052 est
922 2014 1031 2053 inter
1061 2015 1178 2054 viros
1206 2014 1367 2055 doctos.
1409 2016 1537 2056 Ecce:

429 2074 584 2116 Ιιοίόε
619 2076 740 2129 παρ’
773 2075 1193 2131 Ηελλήσποντον
1227 2079 1515 2122 ἀπώλεσαν
1548 2078 1752 2133 ἀγλαὸν
1783 2081 1963 2136 Ιιήβην

482 2141 511 2192 β
521 2141 655 2194 αρνά
664 2157 840 2195 μενοι,
870 2144 1076 2197 σφετέραν
1105 2143 1145 2184 ὀ’
1169 2144 1402 2198 ηὖκλέισαμ
1428 2145 1629 2198 πατρίὸα,

427 2205 559 2246 Ιιώστ’
583 2206 768 2261 ἐχθροὺς
795 2212 1012 2263 στεναχεῒμ
1038 2209 1229 2263 πολέμου
1258 2210 1388 2263 θέρος
1416 2210 1740 2264 ἕκκομίσανῐας·

482 2271 622 2317 αὐτοῖς
651 2272 690 2313 δ’
714 2273 930 2315 ἀθάνατον
957 2275 1116 2328 μνῆμ’
1145 2275 1340 2330 ἀρετῆς
1367 2276 1533 2317 ἔθεσαν.

323 2337 528 2377 Consulto
556 2351 724 2389 appono
752 2352 817 2391 ep.
847 2341 1232 2392 Eurymedontium
1264 2343 1339 2383 105
1371 2342 1472 2394 (ΑΡ.
1497 2344 1591 2384 VII.
1618 2343 1739 2395 258):

429 2401 542 2443 οἵδε
577 2404 697 2456 παρ’
730 2403 1125 2457 Εὐρυμέδοντα
1162 2407 1275 2448 ποτ’
1308 2406 1512 2460 ἀγλαὸν
1549 2407 1759 2450 ὤλεσαν
1794 2408 1934 2463 ἥβην

480 2469 820 2521 μαρνάμενοι
852 2469 1024 2524 Mrjocnv
1051 2472 1306 2525 τοξοφόρων
1331 2473 1573 2527 προμάχοις

428 2533 644 2586 αἰχμηταί,
673 2535 795 2582 πεζοί
819 2551 860 2576 τε
887 2536 959 2577 καὶ
987 2537 1235 2590 ὠκυπόρων
1262 2537 1329 2579 ἐπὶ
1356 2541 1492 2591 νηῶν,

479 2598 697 2640 κάλλιστον
725 2600 764 2640 δ’
791 2600 986 2655 ἀρετῆς
1021 2606 1126 2656 μνῆ
1135 2603 1183 2655 μ’
1210 2603 1352 2644 ἔλιπον
1380 2604 1593 2657 φθίμενοι.

323 2664 486 2703 Etenim
519 2665 607 2704 Keil
638 2666 804 2716 (Herm.
836 2668 901 2707 20.
937 2669 1039 2708 1885
1068 2681 1108 2720 p.
1142 2669 1220 2709 342
1250 2669 1359 2721 sq.),
1397 2671 1521 2710 cuius
1548 2671 1738 2721 opinioni
1763 2670 1959 2711 assentiti

322 2731 422 2767 sunt
465 2729 608 2769 Christ
651 2731 845 2771 Handbst
886 2745 926 2783 p.
972 2734 1046 2773 162
1085 2746 1127 2773 n.
1169 2735 1188 2773 1
1228 2738 1268 2774 et
1309 2734 1525 2775 Schwartz
1564 2736 1710 2775 Herm.
1746 2735 1814 2776 35.
1852 2735 1958 2776 19⁰0

321 2805 361 2843 p.
392 2794 468 2834 118
497 2807 539 2833 n.
563 2795 610 2844 4,
643 2797 899 2836 contrariam
928 2799 1135 2838 rationem
1163 2800 1274 2839 inter
1302 2803 1535 2851 utrumque
1560 2802 1823 2852 epigramma
1849 2801 1957 2841 obti-

321 2870 421 2898 nere
450 2861 627 2909 putavit.
670 2861 902 2911 Postquam
933 2864 1213 2904 Reitzenstein
1244 2877 1285 2915 p.
1315 2866 1391 2906 149
1420 2866 1503 2905 iam
1533 2866 1755 2916 protessus
1781 2868 1848 2907 est
1873 2866 1956 2906 sibi

322 2923 703 2974 Eurymedontium
731 2939 796 2977 ep.
830 2940 915 2967 non
940 2930 1187 2979 posterioris
1210 2931 1359 2970 aetatis
1384 2931 1496 2970 fetus
1521 2931 1675 2981 videri,
1709 2932 1787 2971 Ed.
1811 2929 1985 2982 Meyer-⁴

322 2989 493 3029 Forsch.
528 2991 571 3030 11
605 3003 645 3041 p.
678 2992 731 3031 20
758 2994 900 3043 arguit
928 3006 980 3033 ex
1008 2999 1262 3046 argumento
1291 2996 1370 3036 hoc
1397 2997 1659 3047 epigramma
1686 3008 1782 3036 esse
1807 2997 1955 3048 genui-

321 3066 417 3092 nam
447 3056 764 3106 inscriptionem
793 3060 1030 3109 cenotaphii
1058 3072 1230 3110 eorum,
1268 3061 1342 3111 qui
1371 3062 1415 3100 in
1444 3073 1589 3112 pugna
1619 3061 1954 3112 Eurymedontis

320 3120 579 3159 cecidissent.
615 3123 737 3161 Hanc
757 3124 1019 3172 praeclaram
1041 3126 1369 3175 disputationem
1392 3127 1533 3166 fusius
1556 3127 1735 3166 referam
1756 3127 1801 3166 in
1821 3127 1954 3167 altera
