2072 3568
0 200 11 211 τ
0 167 11 175 w
0 0 20 142 “⁶212‘'*m72-

0 1461 9 1535 >xv-ww-

0 1748 5 1771 .,
0 1631 6 1695 ,ψυγ-
0 1591 10 1623 «ιςμ
0 1543 10 1583 vu·-

33 3156 37 3163 ?
30 3109 39 3118 ,β
5 3006 37 3094 ᾗ,;,;ᾷςιε
0 2646 47 2993 ζρξῳῆωφ-ιψηᾰῇἔῖἣ

905 228 954 271 13
1515 230 1540 286 g
1573 234 1741 276 10-12‚

109 356 312 397 habuisse
348 357 517 396 videtur
549 357 750 396 carminis
780 357 1162 407 Amphictyonibus
1191 358 1412 398 donandi?
1456 359 1589 409 Quid,
1632 361 1745 410 quod

107 423 437 472 Amphictyones
465 422 725 461 Simonidem
750 423 1056 473 invitaverant,
1085 426 1132 462 ut
1158 426 1278 473 pacta
1304 425 1482 474 pecunia
1509 424 1741 475 omnibus,

108 499 216 538 quos
255 490 511 538 statuerent,
554 489 687 538 cippis
721 489 910 527 carmina
939 489 1158 539 conderet,
1202 491 1322 538 poeta
1352 492 1491 528 autem
1523 491 1744 539 pecuniam

108 553 188 592 sibi
225 554 410 592 debitam
448 565 525 603 pro
554 555 858 603 epigrammate
886 554 927 592 in
958 554 1138 603 hospitis
1168 555 1233 593 sui
1265 555 1465 593 honorem
1499 556 1743 595 recusavit?

111 619 180 658 Sic
217 619 374 658 factum
413 621 499 667 est,
542 620 588 656 ut
627 621 748 667 poeta
787 619 877 668 ipse
906 618 1035 656 huius
1065 619 1351 668 inscriptionis
1381 620 1594 659 dedicator
1625 633 1744 660 voca-

108 686 251 733 retur,
306 686 541 723 ceterarum
594 686 735 722 autem
791 684 1147 734 Amphictyones;
1205 685 1363 733 quibus
1417 686 1451 723 si
1506 685 1744 724 Simonides

107 750 327 799 pecuniam
385 761 468 788 non
523 749 781 798 remisisset,
843 749 1062 799 Megistiae
1113 761 1284 799 quoque
1335 751 1652 800 epigrammatis
1706 751 1746 790 οἱ

107 812 411 864 ἐπιγράψαντες
451 815 550 853 dicti
591 816 746 852 essent.
806 815 1135 864 Amphictyones
1173 815 1307 871 igitur
1350 827 1462 864 non,
1510 818 1556 854 ut
1599 817 1742 855 Kaibel

108 879 261 928 voluit,
303 879 474 928 cippum
506 879 710 918 Simonidi
741 879 1033 928 donaverunt,
1071 880 1145 918 sed
1175 880 1242 918 hic
1271 880 1353 918 illis
1381 881 1642 930 epigramma
1672 882 1738 932 13).

160 944 310 993 Itaque
337 956 388 982 ex
417 945 490 994 iis,
529 956 639 993 quae
666 945 904 994 disputavi,
938 946 1114 994 apparet
1147 944 1404 983 Simonidem
1437 958 1537 984 non
1570 948 1688 986 solu
1703 960 1741 986 m

106 1011 314 1059 poetam
361 1021 482 1048 esse
529 1011 819 1059 Megistiae
865 1010 1305 1059 epigrammatis,
1357 1023 1541 1060 quocum
1590 1025 1740 1051 nomen

105 1075 196 1113 eius
220 1077 268 1113 ut
291 1075 543 1113 dedicatoris
570 1075 624 1113 sit
645 1075 942 1124 coniunctum,
977 1075 1069 1113 sed
1098 1075 1258 1114 etiam
1289 1076 1740 1125 epigrammatum

106 1140 636 1190 Peloponnesiorum
685 1142 735 1178 et
790 1140 1222 1190 Spartiatarum,
1278 1152 1388 1190 quae
1439 1143 1571 1191 pretio
1623 1146 1742 1192 pacto

105 1205 462 1255 Amphictyonum
492 1206 613 1243 iussu
643 1205 890 1243 condiderit.

156 1269 250 1315 Qua
293 1270 345 1309 de
386 1281 516 1309 causa
560 1270 673 1319 apud
718 1269 982 1308 Herodotum
1030 1269 1269 1308 Simonides
1314 1283 1396 1309 non
1441 1273 1630 1310 omnium
1677 1274 1740 1311 vel

106 1336 251 1374 saltem
293 1335 510 1385 Megistiae
546 1335 864 1385 epigrammatis
899 1335 1061 1374 auctor
1090 1337 1285 1385 vocetur,
1329 1336 1368 1373 id
1398 1336 1568 1375 demum
1600 1338 1742 1376 videre

105 1401 337 1450 poterimus
369 1399 415 1451 (ξ
449 1399 541 1450 19),
575 1412 671 1438 cum
702 1400 743 1438 in
776 1401 1041 1439 Herodoteae
1070 1401 1241 1439 notitiae
1270 1401 1427 1439 iontem
1457 1404 1585 1451 atque
1614 1403 1739 1441 fidem

104 1466 469 1515 inquisiverimuS.

160 1529 186 1582 ξ
219 1531 281 1570 12.
342 1530 410 1570 De
459 1529 690 1570 Herodoti
736 1529 880 1569 fontis·
921 1529 1240 1581 inquisitione.
1301 1531 1510 1576 Quoniam
1555 1533 1740 1571 vidimus

103 1607 154 1634 ex
202 1608 293 1635 mea
336 1596 414 1635 loci
458 1596 685 1634 Herodotei
727 1596 1073 1645 interpretatione
1115 1596 1264 1634 deduci
1308 1608 1434 1645 posse
1475 1598 1616 1636 omnia
1660 1600 1738 1637 tria

103 1660 409 1710 epigrammata
438 1661 678 1699 condidisse
709 1660 988 1710 Simonidem,
1023 1663 1168 1700 nostra
1198 1673 1326 1710 quam
1356 1663 1538 1701 maxime
1566 1664 1739 1702 interest

103 1725 382 1775 investigare,
425 1738 528 1764 num
568 1737 667 1764 vera
706 1738 754 1765 ac
792 1726 876 1764 fide
911 1727 1039 1776 digna
1070 1727 1123 1765 sit
1152 1727 1344 1776 traditio,
1386 1739 1470 1776 qua
1502 1729 1737 1768 Herodotea

105 1790 264 1830 nitatur
303 1791 504 1830 narratio.
556 1791 636 1829 Per
666 1803 712 1830 se
741 1803 844 1830 sane
873 1791 1134 1840 singularius
1163 1794 1249 1841 est,
1291 1793 1404 1841 quod
1435 1793 1539 1831 alter
1568 1794 1736 1844 cippum

104 1855 272 1906 statuit,
314 1856 381 1894 cui
420 1856 524 1895 alter
562 1856 880 1906 inscriptionem
919 1857 1233 1896 inscribendam
1272 1860 1415 1907 curat,
1459 1870 1586 1907 quam
1622 1861 1668 1897 ut
1697 1860 1738 1897 id

103 1921 289 1971 confingi
319 1933 444 1971 posse
472 1921 681 1960 videatur.
743 1922 936 1960 Attamen
966 1924 1056 1961 tum
1087 1922 1257 1961 demum
1289 1935 1456 1961 summo
1486 1924 1577 1962 iure
1607 1925 1737 1962 Hero-

102 1985 188 2024 doti
227 1986 418 2025 notitiam
456 1998 550 2025 esse
589 1998 732 2026 veram
765 1986 823 2037 (et
853 1999 980 2036 porro
1009 1999 1180 2036 quoque
1209 1999 1318 2037 quae
1346 1999 1397 2027 ex
1426 2000 1474 2027 ea
1504 1989 1736 2028 derivanda

104 2051 226 2090 nobis
263 2051 537 2101 videbantur)
569 2051 786 2091 affirmare
815 2052 1071 2102 poterimus,
1116 2064 1211 2091 cum
1242 2053 1610 2103 constituerimus,
1653 2066 1736 2103 qua

102 2117 142 2155 et
183 2116 298 2166 quali
337 2117 405 2156 via
443 2117 498 2156 ad
535 2128 631 2155 eum
671 2129 719 2156 ea
760 2118 1012 2167 pervenerit.
1060 2118 1328 2157 Instituenda
1358 2119 1488 2169 igitur
1516 2121 1579 2157 est
1609 2120 1737 2157 fontis

104 2181 306 2221 Herodoti
342 2182 579 2231 inquisitio;
619 2194 704 2231 qua
744 2182 867 2221 nobis
906 2184 1121 2232 praeterea
1161 2183 1330 2222 duabus
1366 2184 1418 2222 de
1446 2185 1587 2223 causis
1618 2185 1738 2224 valde

102 2257 211 2296 opus
239 2248 314 2286 est.

156 2311 247 2351 Iam
285 2323 418 2362 supra
458 2311 483 2363 ξ
515 2312 538 2351 3
578 2324 617 2351 n.
652 2313 676 2351 2
716 2312 846 2351 verbo
883 2313 999 2363 tetigi
1037 2313 1353 2363 difficultatem,
1395 2315 1461 2353 cui
1500 2316 1734 2355 Herodotea

101 2377 314 2415 enarratio
356 2377 589 2427 honorum,
635 2378 794 2427 quibus
837 2378 887 2428 ii,
934 2379 1006 2427 qui
1050 2379 1091 2417 in
1136 2379 1431 2429 Thermopylis
1469 2381 1731 2430 ceciderunt,

102 2441 241 2481 affecti
279 2445 402 2493 sunt,
448 2444 586 2482 locum
624 2443 727 2482 dare
765 2444 944 2482 videtur.
994 2444 1183 2483 Primum
1213 2446 1324 2483 enim
1353 2446 1612 2495 epigramma
1646 2446 1733 2497 (91)

102 2506 144 2545 in
187 2519 332 2546 eorum
376 2509 621 2547 memoriam
665 2520 759 2548 esse
799 2509 1005 2558 scriptum
1048 2521 1098 2547 ex
1143 2509 1338 2548 versibus
1377 2510 1481 2559 ipsis
1518 2511 1730 2560 effeceris,

101 2571 175 2622 qui
200 2583 249 2612 ea:
270 2575 494 2623 quattuor,
529 2585 649 2624 quae
672 2585 774 2613 cum
800 2573 1008 2613 Leonida
1031 2573 1245 2623 fuissent,
1281 2575 1449 2613 milibus
1477 2576 1600 2614 Pelo
1616 2589 1734 2625 pon-

102 2637 400 2687 nesiorum,
425 2637 771 2689 cecidissent14);
795 2639 886 2677 ideo
907 2639 947 2677 id
969 2640 1192 2688 hucusque
1210 2629 1732 2689 Peloponnesiorum

146 2820 191 2862 ¹3)
238 2822 435 2856 [avitacum
461 2824 566 2856 fuisse
590 2824 806 2857 Simonidem
832 2826 875 2858 ab
901 2826 1217 2867 Amphictyonibus
1243 2826 1310 2857 iam
1335 2831 1426 2858 recte
1451 2827 1558 2866 Bergk
1585 2827 1733 2860 viderat.

102 2878 163 2920 qui
194 2882 333 2922 tamen,
366 2885 406 2912 nt
435 2881 505 2913 iam
539 2881 627 2922 dixi,
659 2881 876 2914 Simonidem
904 2883 1065 2923 petivisse
1092 2882 1235 2923 putabat
1260 2882 1303 2914 ab
1327 2883 1661 2923 Amphictvonibm,
1696 2888 1731 2914 ut

102 2933 164 2967 sibi
189 2936 293 2968 iumen
316 2937 480 2977 flentium
504 2942 742 2970 monumenta
766 2939 809 2970 ab
835 2939 887 2970 his
911 2942 1063 2978 statuta,
1091 2939 1220 2979 hospiti
1246 2940 1424 2980 cippum
1452 2950 1577 2980 ponere
1604 2940 1732 2971 liceret.

146 2989 190 3029 14)
237 2991 460 3034 Epitaphium
498 2994 523 3025 si
559 2994 609 3026 sic
639 2994 790 3035 explicas
823 2995 957 3026 nullum
995 2995 1100 3026 habet
1132 2994 1388 3026 ‹liliis-uitatem.
1429 2995 1608 3026 iiivvhhoss'
1637 2997 1730 3026 υιιίιιι

101 3045 208 3086 (Mon.
236 3047 308 3080 Ber.
336 3049 424 3081 lieri.
450 3049 513 3081 Ak.
538 3049 626 3081 1878
652 3060 681 3091 p.
707 3050 728 3079 3
755 3061 786 3082 n.
813 3050 867 3090 2):
904 3049 1065 3082 ‘ilos-odoi
1094 3051 1154 3082 liat
1177 3051 1237 3082 das
1263 3051 1470 3083 monument
1495 3052 1730 3082 walum-hoin-

103 3101 170 3135 lich
193 3103 416 3137 irrthiimlich
439 3106 489 3137 ais
510 3106 566 3138 ein
592 3106 760 3138 Denkmal
785 3107 841 3138 fiir
858 3107 913 3138 «iic
932 3107 1190 3139 (iesallencn
1211 3107 1433 3147 ansgeriith
1460 3117 1529 3138 was
1546 3118 1582 3138 cs·
1601 3108 1731 3147 wenig-
