2072 3568
386 204 487 254 Cap.
521 200 611 254 111,
647 202 708 244 19.
1169 201 1245 243 158

388 330 521 368 rimus
558 340 707 368 omnes
746 328 945 378 lacunas,
991 339 1102 378 quas
1141 339 1344 367 versuum
1384 328 1536 368 scriem
1574 329 1616 368 in
1655 328 1798 370 codice
1833 328 2028 372 Palatino

385 394 583 433 dirimere
613 394 732 433 novi:

442 458 481 509 1)
518 459 714 498 lacunam
754 461 944 498 nostram
981 470 1056 498 sex
1091 459 1226 498 lineas
1253 461 1532 509 occupantem
1560 462 1660 500 ante
1685 470 1752 511 ep.
1776 459 1848 500 vl.
1878 460 1953 501 1⁴4
1980 459 2025 502 iu

518 524 609 564 cod.
639 536 735 575 pag.
757 524 855 574 166,
887 524 1072 574 ascripta
1101 526 1165 563 est
1190 526 1288 563 nota
1314 524 1575 564 Cor-rectoris
1599 522 1652 564 οὔ
1674 522 1799 565 λείπει
1823 523 1887 570 ὥς
1909 522 2027 578 οἶμαι

518 587 619 629 οὐὸὲ
647 588 854 639 ἐνταῦθα,
886 600 971 639 qua
1002 589 1172 639 respicit
1202 592 1345 629 notam
1375 600 1497 629 suam
1528 589 1582 629 ad

437 654 480 704 2)
518 655 712 694 lacunam
743 654 885 693 itidem
916 666 989 693 sex
1020 654 1227 694 linearum
1258 655 1443 705 spatium
1473 655 1710 706 explentem
1738 658 1839 697 ante
1864 667 1931 708 ep.
1950 656 2023 698 VI.

522 720 596 759 126
621 721 662 759 in
687 720 779 759 cod.
804 731 900 770 pag.
922 720 1020 770 164,
1049 718 1101 758 οὐ
1126 718 1250 759 λείπει
1275 718 1337 764 ὡς
1361 717 1476 771 οἶμαι
1504 720 1557 771 (Α
1577 732 1713 772 marg.
1730 724 1815 762 ext.
1832 720 1877 770 ζῐ
1896 721 2024 773 aer.);

438 786 481 835 3)
517 786 713 825 lacunam
742 787 902 836 septem
933 786 1139 825 linearum
1170 788 1270 825 ante
1296 797 1363 836 ep.
1390 786 1460 825 VI.
1492 786 1568 826 158
1597 786 1639 826 in
1668 786 1761 827 cod.
1793 798 1891 838 pag.
1922 786 2022 839 168,

518 850 551 890 C
580 851 801 890 annotavit
830 850 874 897 ζτ
901 849 1010 890 στίῖἵ
1037 849 1187 890 ἕνὸεκα
1219 851 1316 901 (pro
1344 850 1468 901 ἕπτα,
1500 851 1672 902 opinor,
1703 851 1883 903 errore).

437 916 480 965 4)
517 917 713 956 lacunam
744 916 872 955 trium
902 916 1110 955 linearum
1141 916 1251 955 inter
1278 916 1599 966 epigrammatis
1627 916 1675 956 V.
1706 917 1731 956 4
1761 916 1947 968 primum
1974 928 2026 958 ae

518 982 752 1021 secundum
778 981 987 1020 distichon
1016 981 1057 1020 in
1083 982 1175 1020 cod.
1202 993 1297 1032 pag.
1317 982 1389 1029 88;
1422 994 1537 1021 nunc
1564 994 1665 1021 vero
1687 982 1731 1022 in
1754 981 1848 1022 cod.
1872 981 2026 1023 lacuna

516 1047 710 1097 expletur
746 1047 927 1086 disticho
965 1047 1154 1086 secundo
1191 1059 1240 1086 ac
1278 1048 1401 1086 tertio
1434 1047 1624 1087 eiusdem
1653 1047 1974 1099 epigramm-us
1998 1058 2025 1088 a

518 1124 647 1151 manu
680 1113 708 1151 J
737 1112 942 1160 exaratis;
982 1124 1068 1162 quo
1097 1112 1279 1162 factum,
1321 1115 1368 1151 ut
1397 1113 1520 1152 iidem
1554 1124 1707 1153 versus
1733 1112 1800 1153 bia
1826 1113 2027 1164 deinceps

518 1177 560 1216 in
590 1177 681 1216 cod.
714 1178 912 1227 legantur
941 1177 1026 1227 ¹3⁰).

438 1243 515 1281 Vix
539 1242 725 1282 dubitari
749 1244 909 1292 potest,
937 1243 1042 1292 quin
1064 1243 1266 1282 omnibus
1287 1245 1492 1292 quattuor
1512 1243 1615 1282 locis
1637 1253 1841 1284 versuum
1860 1241 2027 1284 ordinis

384 1308 642 1347 intermissio
664 1308 984 1358 epigrammatis
1008 1308 1230 1347 cuiusdam
1259 1308 1406 1347 remoti
1429 1309 1484 1347 sit
1505 1308 1722 1349 indicium.
1753 1308 2027 1359 Quamquam

384 1374 535 1412 lacuna
559 1374 623 1423 4¹²,
651 1385 762 1423 quae
784 1376 848 1412 est
874 1374 915 1412 in
942 1371 1096 1413 medio
1120 1374 1448 1424 epigrammate,
1477 1374 1576 1413 huic
1599 1374 1835 1415 sententiae
1853 1373 2028 1414 obstare

385 1438 564 1477 videtur.
617 1438 759 1477 Huius
790 1450 890 1477 vero
918 1439 1096 1478 lacunae
1125 1439 1280 1478 mirum
1311 1440 1448 1479 locum
1479 1451 1548 1479 me
1574 1440 1687 1479 intra
1713 1439 2025 1491 explicaturum

383 1515 477 1542 esse
504 1503 732 1543 lectoribus
761 1505 974 1554 promitto.
1007 1505 1189 1544 Necesse
1217 1507 1358 1544 autem
1388 1508 1475 1555 est,
1508 1508 1556 1544 ut
1582 1505 1896 1547 constituamus
1921 1505 2025 1545 affl·

385 1569 481 1607 bam
510 1570 545 1607 A
575 1580 659 1607 non
689 1569 830 1619 ipsum
860 1580 912 1608 ex
940 1570 1023 1608 illis
1051 1570 1155 1608 locis
1182 1570 1446 1620 epigramma
1475 1569 1692 1620 quoddam
1712 1569 2022 1619 eliminaviflae,

384 1634 459 1673 sed
486 1646 535 1673 ea
564 1635 647 1673 iam
672 1634 885 1673 eliminata
910 1634 1127 1674 invenisse
1149 1635 1192 1674 in
1217 1635 1381 1684 codice,
1414 1646 1501 1685 quo
1524 1646 1633 1675 usus
1655 1635 1730 1684 sit3
1760 1645 1862 1675 nam
1882 1633 2025 1675 satiba

385 1700 416 1739 C
459 1700 646 1739 indicare
689 1711 774 1739 non
817 1701 975 1750 potuit,
1021 1700 1239 1750 quodnam
1282 1712 1455 1751 quoque
1495 1701 1586 1740 loco
1622 1699 1905 1740 intercidisset
1937 1699 2025 1750 epi-

383 1777 577 1816 gramma
603 1765 805 1815 (fortasse
827 1766 1084 1805 sumendum
1109 1768 1174 1805 est
1196 1766 1443 1815 librarium,
1474 1766 1548 1816 qui
1572 1766 1757 1806 codicem
1778 1763 1865 1816 ¹⁸¹),
1895 1775 2024 1815 quem

385 1831 416 1871 C
446 1831 488 1869 in
518 1831 777 1870 correctione
803 1831 1045 1880 adhiberet,
1077 1832 1339 1882 exaraverit,
1371 1832 1567 1871 lacunam
1599 1829 1870 1882 neglexisse).

437 1896 589 1946 Itaque
615 1897 698 1935 iam
728 1899 827 1935 ante
854 1897 1038 1935 codicem
1070 1897 1310 1937 Palatinum
1339 1897 1629 1947 conscriptum
1657 1899 1788 1947 atque
1808 1895 1916 1936 adeo
1938 1895 2023 1936 iam

383 1964 482 2000 ante
509 1962 695 2011 codices,
728 1962 887 2011 quibus
915 1962 948 2000 Α
977 1964 1018 2000 et
1047 1962 1079 2002 C
1109 1962 1176 2001 usi
1205 1965 1329 2012 sunt,
1361 1965 1560 2002 exaratos
1586 1974 1640 2002 ex
1667 1962 2024 2013 epigrammatum

384 2027 493 2066 serie
520 2027 602 2065 illis
630 2029 834 2076 quattuor
862 2027 964 2066 locis
992 2027 1255 2077 epigramma
1283 2028 1499 2077 quoddam
1528 2027 1704 2067 evanuit
1725 2025 1779 2067 in
1801 2023 2024 2067 Antholo-

382 2091 490 2143 yiae
522 2090 812 2143 Cephalanae
842 2093 1028 2141 quodam
1058 2092 1221 2142 codice,
1262 2104 1314 2132 ex
1342 2105 1430 2143 quo
1458 2093 1748 2143 manuscripta
1776 2091 1834 2132 ab
1858 2092 1894 2132 Δ
1919 2092 1963 2132 et
1988 2090 2025 2133 C

384 2159 590 2206 usurpata
611 2157 801 2196 derivata
822 2159 937 2196 sunt.
971 2158 1062 2197 Iam
1083 2158 1318 2208 quaeritur,
1348 2170 1452 2197 num
1473 2158 1608 2197 fuisse
1628 2157 1823 2198 videatur
1836 2155 2020 2207 occasio,

382 2234 468 2271 qua
497 2234 547 2260 ex
578 2221 843 2273 Cephalana
871 2222 1161 2274 Antkoloyia
1188 2224 1495 2274 epigrammata
1520 2224 1682 2273 aliquot
1703 2224 2020 2263 exsecarentur.

438 2288 739 2327 Demonstrare
775 2291 955 2328 conatus
993 2300 1089 2327 sum
1130 2287 1157 2340 ἓ
1187 2288 1238 2328 94
1276 2289 1584 2339 epigrammata
1621 2288 1672 2328 31
1712 2287 1844 2328 variis
1876 2286 2024 2327 metris

383 2353 645 2403 conscripta,
686 2364 797 2402 quae
837 2352 1051 2392 Stratonis
1089 2354 1258 2392 Musam
1299 2354 1508 2392 Puerilem
1548 2352 1650 2404 (ΑΡ.
1678 2352 1781 2404 XII)
1809 2353 1854 2392 in
1880 2351 2025 2392 codiee

385 2417 576 2457 Palatino
626 2421 972 2469 consequantur,
1028 2422 1124 2469 post
1172 2419 1401 2470 Cephalum
1451 2419 1622 2458 demum
1669 2429 1723 2458 ex
1769 2417 2023 2468 Anthdogia

428 2571 491 2611 130)
538 2572 705 2605 Plus-esne
736 2574 808 2606 sint
839 2575 986 2607 lacunae
1019 2574 1053 2606 in
1087 2574 1154 2607 ΑΡ.
1186 2584 1295 2616 quam
1320 2577 1494 2616 quattuor
1517 2574 1599 2606 illae
1623 2573 1750 2606 nescio.
1783 2571 1852 2606 Sed
1876 2571 1933 2605 vel
1954 2571 2023 2606 hae

386 2632 503 2660 nostro
528 2629 607 2660 usui
632 2629 824 2662 sufficiunt.

428 2683 491 2723 131)
535 2684 664 2717 Scribis
692 2686 819 2718 codicis
844 2686 993 2719 Palatini
1019 2688 1120 2728 plura
1145 2687 1378 2727 Antlmlogiae
1401 2686 1624 2728 Cephalanae
1647 2685 1863 2728 exemplaria
1883 2688 2024 2728 Μ

383 2744 494 2772 erant.
528 2741 565 2773 lu
591 2741 729 2783 septimi
754 2741 833 2774 libri
857 2743 1072 2775 correctione
1096 2742 1122 2774 C
1148 2753 1217 2775 non
1244 2743 1362 2775 minus
1384 2752 1494 2784 quam
1520 2742 1634 2774 tribus
1655 2742 1820 2784 deinceps
1842 2749 1929 2775 usus
1947 2745 2024 2783 est,

383 2806 533 2837 quorum
561 2797 713 2837 primum
740 2798 808 2829 snit
831 2798 1011 2840 exemplar
1034 2798 1217 2831 Michaelis
1241 2796 1527 2841 Χαρτοφύλακος
1551 2809 1578 2830 s,
1602 2798 1816 2839 Archinffi,
1844 2797 1908 2840 qui
1929 2798 2022 2831 m

385 2856 467 2883 nota
501 2852 714 2885 correctoris
747 2853 821 2885 cod.
858 2864 887 2895 p.
922 2853 989 2886 ‘273
1024 2855 1066 2886 ad
1102 2865 1155 2896 ep.
1190 2855 1260 2887 vn.
1296 2855 1361 2887 43⁴2
1394 2852 1639 2897 ἐπιγράμματα
1674 2878 1683 2886 .
1709 2878 1717 2885 .
1743 2878 1752 2885 .
1778 2878 1786 2885 .
1820 2850 2021 2899 ἴδιοχᾶρος

382 2905 487 2943 αὐτὸς
510 2905 665 2951 ἔγραψεν
687 2906 727 2941 ἐκ
753 2911 814 2951 τῆς
836 2907 962 2951 βίβλου
987 2912 1048 2942 τοῦ
1074 2908 1224 2953 Κεῳαλᾶ
1246 2912 1305 2950 (er.
1330 2911 1480 2944 Stadun.
1506 2911 1535 2943 11
1561 2922 1591 2953 p.
1615 2911 1705 2949 xli).
1730 2910 1768 2943 ln
1792 2913 1892 2943 sexto
1911 2909 2024 2952 igitur

384 2963 471 2995 libro
494 2965 714 2997 emendando
734 2964 759 2997 C
780 2966 903 2998 eodem
924 2967 1040 2999 codice
1062 2977 1167 3000 usum
1188 2977 1283 3007 esse,
1307 2977 1379 3012 quo
1400 2968 1446 3007 Α,
1469 2968 1685 3000 constituere
1704 2976 1773 2999 non
1796 2974 1938 2999 neme
1954 2968 2021 2999 est.

383 3019 469 3051 Mihi
494 3030 574 3052 vero
598 3031 739 3062 promus
764 3032 832 3054 nou
856 3026 992 3055 certum
1017 3027 1070 3055 est
1094 3033 1176 3055 eum
1201 3024 1404 3056 adhibuisse
1428 3024 1462 3056 in
1486 3024 1550 3056 hoc
1569 3032 1713 3066 quoque
1733 3023 1823 3055 libm
1841 3021 2023 3056 Michaelis

383 3075 562 3117 exemplar
584 3076 692 3119 (quae
716 3077 961 3111 Stadtmiilleri
985 3079 1102 3120 opinio
1124 3083 1179 3112 est
1203 3079 1217 3112 1
1241 3090 1272 3122 p.
1298 3079 1369 3117 Vl).
