2072 3568
923 227 1000 267 199
1247 260 1254 268 .
1494 227 1520 279 g
1553 228 1774 267 115—118.

143 354 267 394 nidea
303 355 546 393 occurrunt.
593 353 671 402 Ep.
708 352 783 392 138
821 353 912 391 sine
950 352 1120 391 nomine
1159 352 1390 391 Simonidis
1428 354 1556 401 atque
1587 353 1631 390 in
1661 354 1778 391 textu

142 419 177 459 A
213 419 368 469 legitur
405 419 596 458 Paroem.
620 418 724 456 VII.
764 418 788 456 9
825 417 880 466 d;
920 429 984 467 ep.
1018 417 1149 467 igitur
1186 417 1276 455 sive
1312 429 1364 455 ex
1402 417 1649 466 Thucydide
1687 417 1779 466 ipso

48 495 50 503 ’
144 483 196 535 (Ι.
230 483 328 534 132,
370 484 422 523 cf.
459 483 484 534 ἓ
520 482 611 533 43),
654 483 744 522 sive
780 495 832 521 ex
871 483 1007 531 fonte,
1050 483 1124 532 qui
1162 482 1215 521 ad
1244 494 1342 520 eum
1372 482 1551 521 recurrit
1581 481 1626 532 (ξ
1659 481 1774 532 112),

143 551 345 590 haustum
382 551 458 588 est.
505 550 584 599 Ep.
620 549 695 587 142
732 549 950 587 invenitur
978 549 1072 587 VII.
1106 548 1156 587 57
1187 547 1212 587 b
1248 548 1291 586 in
1327 549 1443 586 textu
1473 559 1652 596 prorsus
1681 559 1778 586 cum

36 588 41 600 γ’
142 615 350 654 Aristideo
380 615 462 664 (A2,
490 615 542 654 cf.
570 613 596 666 ἓ
622 613 688 664 60)
719 614 981 664 conspiranti
1005 613 1159 652 additis
1187 613 1328 651 verbis
1353 610 1599 663 Σιμωνίδου
1625 610 1778 663 ἐλεγεῖα

141 678 236 731 περὶ
266 678 524 731 Ἄθηναίωνς
564 691 666 729 ergo
703 679 946 729 Apostolius
984 691 1070 717 non
1108 678 1291 717 Aristide
1318 678 1411 727 ipso
1440 689 1547 716 usus
1576 681 1661 726 est,
1705 677 1779 715 sed

145 745 325 785 Scholiis
366 745 586 784 Aristideis
630 743 686 794 (p.
730 738 794 783 70·
822 745 890 783 Fr.
933 744 1010 783 209
1055 742 1151 794 D.),
1198 743 1241 781 in
1284 743 1442 792 quibus
1484 741 1779 792 epigrammati

140 823 195 855 ex
235 810 418 850 Aristide
459 811 613 849 hausto
655 810 898 859 appositum
939 811 1003 848 est
1045 821 1199 847 nomen
1245 808 1475 847 Simonidis
1518 819 1569 846 ex
1612 807 1778 846 Corona

143 876 376 926 Meleagrea
414 876 589 925 petitum
629 874 674 925 (ξ
706 874 788 925 57).
836 874 1271 924 Paroemiographum
1310 873 1481 922 saepius
1514 872 1680 911 Scholia
1709 872 1778 910 illa

141 941 404 990 excerpsisse
431 941 597 979 constat
627 939 695 990 (cf.
725 940 906 979 Crusius
936 939 1184 977 PW.--RE.
1214 938 1270 976 ΙΙ.
1303 936 1409 987 183).
1457 938 1548 975 Hoc
1580 937 1778 975 Scholion

142 993 399 1045 Aristideum
423 1006 514 1044 sive
537 1017 589 1044 ex
614 1005 849 1044 Scholiasta
873 1006 966 1055 ipso
991 1005 1081 1043 sive
1104 1016 1156 1043 ex
1178 1004 1393 1053 Apostolio
1419 1005 1538 1052 patre
1562 1003 1777 1052 cognitum

142 1071 354 1121 quomodo
382 1071 657 1121 usurpaverit
685 1071 912 1120 Arsenius,
946 1070 1139 1119 sequenti
1170 1069 1195 1119 ς’
1226 1068 1602 1107 demonstrabitur.

772 1207 836 1246 29.
897 1215 1143 1245 Ansamus.

197 1332 223 1384 ξ
256 1333 344 1372 118.
410 1331 522 1372 Cum
565 1331 621 1371 de
662 1330 820 1371 ceteris
860 1329 1048 1370 Arsenii
1091 1329 1394 1379 testimoniis,
1449 1330 1562 1368 tum*
1591 1328 1646 1368 de
1688 1326 1778 1378 epi-

140 1396 421 1450 9rammatis
449 1397 535 1436 142
565 1397 685 1436 textu
715 1395 774 1435 Α4
804 1395 935 1447 apud
963 1407 1066 1435 eum
1096 1394 1242 1435 obvio.
1283 1396 1380 1434 Tria
1410 1407 1503 1444 epp.
1537 1394 1779 1433 Simonidea

141 1464 420 1503 inveniuntur
456 1463 500 1501 in
537 1463 724 1512 Arsenii,
773 1462 975 1511 Apostolii
1012 1461 1110 1510 filii,
1153 1461 1347 1499 Violario.
1395 1460 1514 1505 Quae
1552 1460 1779 1498 recurrunt

141 1529 195 1568 ad
224 1529 472 1568 traditiones
500 1528 716 1577 diversas,
750 1528 877 1577 prout
905 1527 972 1565 ille
1000 1527 1194 1565 diversos
1223 1526 1325 1564 adiit
1354 1526 1506 1564 fontes.

195 1595 406 1644 Excerpto
452 1616 504 1620 —
551 1593 643 1632 sine
684 1592 815 1631 dubio
855 1604 907 1630 ex
951 1592 1133 1630 Diodoro
1176 1592 1248 1629 XI.
1291 1591 1341 1630 33
1384 1612 1435 1617 —
1477 1590 1529 1628 de
1571 1589 1778 1628 Artabazo

141 1671 182 1710 p.
224 1659 300 1699 118
334 1659 465 1698 Walz.
505 1658 749 1707 subiunxit,
791 1660 1010 1706 tamquam
1046 1657 1100 1695 ad
1129 1657 1243 1695 hunc
1273 1656 1547 1706 pertinentia,
1590 1665 1700 1703 quae
1728 1654 1780 1691 de

142 1725 381 1764 Pausaniae
405 1725 583 1763 donario
607 1726 736 1773 atque
758 1723 811 1762 de
835 1722 1238 1772 Peloponnesiorum
1265 1721 1780 1768 Lacedaemoniorumque

142 1790 349 1841 sepulcris
386 1790 500 1840 apud
541 1789 771 1828 Diodorum
801 1789 1127 1837 subsequuntur
1157 1788 1225 1838 (cf.
1262 1786 1287 1837 ξ
1318 1786 1400 1836 48).
1447 1786 1608 1825 Oculus
1637 1786 1778 1823 autem

141 1856 232 1895 eius
262 1855 475 1895 aberravit
503 1867 528 1894 a
556 1855 697 1905 priore
724 1866 828 1893 voce
855 1852 968 1903 τόδε,
1002 1865 1112 1902 quae
1140 1852 1435 1902 epigrammati
1465 1851 1512 1890 91
1544 1850 1774 1900 praecedit,

142 1921 195 1961 ad
224 1922 422 1970 alteram,
455 1932 585 1970 quam
612 1920 765 1970 excipit
793 1931 857 1969 ep.
883 1919 954 1958 92:
985 1922 1106 1971 κοινῇ
1130 1916 1208 1969 μὲν
1232 1919 1333 1956 πᾶσι
1359 1915 1445 1967 (ἅπ.
1473 1915 1611 1965 Diod.)
1637 1913 1777 1953 τόὸε·

145 1985 283 2039 [Diod.
315 1985 512 2038 μυριάσιν
540 1984 613 2025 κτλ
616 2015 798 2024 .....
834 1985 914 2036 (ep.
945 1985 1036 2035 91),
1071 1983 1153 2035 ι’ὂίᾳ
1184 1982 1230 2022 δὲ
1258 1982 1398 2026 αὐτοῖς
1427 1980 1586 2032 τάδε’]
1617 1993 1681 2030 ep.
1710 1981 1774 2019 92.

142 2053 194 2092 In
223 2053 352 2091 huius
380 2052 698 2102 epigrammatis
726 2052 845 2090 textu
876 2050 1123 2100 (Diodoreo,
1156 2050 1375 2098 Ephoreo,
1410 2047 1478 2097 Αἵ)
1509 2047 1779 2096 neglegenter
1819 2083 1821 2085 ,

142 2118 312 2168 scripsit
340 2114 378 2157 ὦ
407 2116 531 2163 ξεῖν’
556 2129 634 2166 pro
663 2114 701 2155 ὦ
730 2115 856 2162 ξένε.
891 2116 954 2155 Of.
986 2114 1012 2166 ἓ
1041 2115 1106 2154 44.

196 2183 297 2232 Pag.
333 2182 407 2222 119
445 2182 662 2221 invenitur
690 2193 754 2231 ep.
791 2181 865 2220 157
898 2180 1128 2219 Simonidis
1157 2179 1406 2218 auctoritate
1435 2177 1608 2216 adiecta.
1654 2176 1778 2221 Quod

64 2240 70 2250 ⁴
142 2248 392 2288 arcessitum
429 2259 523 2287 esse
560 2259 611 2286 ex
653 2247 770 2296 Diog.
806 2246 972 2285 Laertio
1006 2246 1077 2284 IV.
1109 2245 1160 2283 45
1191 2243 1259 2294 (cf.
1297 2243 1322 2293 g
1355 2243 1420 2293 72)
1450 2243 1541 2292 ipse
1569 2242 1773 2290 ostendit,

142 2326 238 2353 cum
267 2314 509 2363 praemittat
538 2310 763 2363 Διογένους
794 2309 998 2362 Λαερτίου
1028 2309 1273 2361 ἐπίγραμμα
1302 2308 1358 2351 εἰς
1382 2305 1629 2358 Ἀρκέλαον,
1663 2306 1777 2355 quod

141 2379 284 2418 itidem
313 2379 425 2428 apud
459 2378 684 2427 Diogenem
716 2379 911 2415 nostrum
940 2388 1005 2425 ep.
1035 2374 1255 2414 antecedit.

196 2444 273 2494 Ep.
316 2443 606 2483 Simonideum
645 2442 759 2491 apud
797 2441 1023 2480 Arsenium
1058 2439 1362 2490 gravissimum
1391 2440 1454 2477 est
1484 2436 1777 2486 Eurymedon-

142 2509 247 2548 tium
276 2520 340 2558 ep.
364 2509 461 2558 142,
494 2507 609 2557 quod
633 2519 672 2557 p.
693 2507 771 2546 329
797 2507 859 2545 W.
888 2506 1044 2556 legitur
1069 2517 1102 2544 s.
1125 2517 1163 2543 v.
1196 2502 1346 2554 Κίμων
1371 2505 1466 2553 post
1490 2502 1774 2552 prooemium,

142 2574 257 2624 quod
285 2574 391 2613 exile
418 2585 513 2612 esse
539 2575 784 2622 excerptum
814 2584 866 2610 ex
896 2571 1079 2610 Diodoro
1109 2570 1180 2608 XI.
1211 2570 1258 2608 61
1292 2581 1354 2618 sq.
1386 2580 1508 2607 nemo
1534 2579 1617 2605 non
1646 2567 1776 2605 videt:

144 2636 296 2690 Κίμων
331 2635 560 2690 στρατηγὸς
587 2636 848 2688 Ἀθηναίων’
884 2634 1032 2675 τούτου
1063 2632 1158 2678 τοὺς
1189 2632 1370 2684 ᾸῙήὸους
1400 2632 1644 2684 νικήσαντος
1673 2629 1777 2670 κατὰ

143 2706 221 2756 γῆν
240 2701 311 2742 καὶ
330 2701 434 2743 κατὰ
455 2701 675 2742 θάλασσαν
695 2703 822 2752 (quae
842 2695 971 2740 verba
992 2700 1357 2750 comprehendunt
1371 2699 1519 2748 capitis
1536 2698 1582 2736 61
1601 2695 1776 2744 exitum)

143 2767 167 2808 ὁ
197 2766 334 2821 δῆμος
361 2769 445 2807 τῶν
467 2765 708 2819 Ἀθηναίων
735 2765 933 2818 [δεκάτην
956 2764 1201 2815 ἐξελόμενος
1227 2762 1366 2814 Diod.]
1394 2762 1440 2802 ἐκ
1465 2764 1549 2801 τῶν
1571 2759 1778 2812 λιιφύριιιν

145 2830 234 2880 (ὧν
257 2831 414 2884 εἰλήφει
437 2833 533 2872 add.
554 2833 647 2871 Ars.
668 2833 728 2871 sic
747 2832 994 2881 complexus
1014 2842 1105 2879 cap.
1125 2830 1173 2869 61
1197 2827 1571 2879 praetermissum>
1593 2825 1778 2876 ἀνέθηκε

143 2901 204 2949 τῷ
232 2897 325 2949 θεῷ
354 2897 437 2948 (ap.
468 2898 585 2937 Diod.
616 2896 678 2936 ἀν.
709 2911 738 2935 τ.
768 2896 812 2936 θ.
841 2898 939 2935 ante
968 2894 1014 2935 ἐκ
1043 2894 1144 2945 leg.)
1174 2892 1245 2933 καὶ
1274 2892 1346 2945 τὴν
1375 2890 1614 2942 ἒπιγρ(ι([η“)ν
1643 2889 1707 2928 ἐπὶ
1733 2888 1777 2927 τὸ

144 2961 486 3003 κατασκευασθὲν
514 2961 719 3014 ἀνάθημα
748 2961 962 3012 ἐπέγραψε
990 2959 1130 3011 τήνδε·
1161 2970 1247 3007 seq.
1266 2971 1331 3007 ep.
1355 2958 1442 2996 142.
1477 2956 1778 3005 Expectavcris

144 3039 260 3067 nunc
295 3028 613 3078 epigrammatis
651 3029 814 3066 textum
855 3026 1108 3064 Diodoreum
1150 3023 1218 3073 (=
1257 3023 1500 3072 Ephoreum
1533 3038 1583 3053 z
1614 3022 1686 3068 A',
1720 3021 1772 3058 cf.

147 3091 205 3144 ἐξ
236 3093 308 3143 48,
342 3093 423 3145 60).
460 3093 662 3145 Sequitur
692 3103 792 3133 vero
821 3093 983 3141 textus,
1017 3090 1139 3129 cuius
1159 3088 1357 3128 lectiones
1373 3086 1628 3137 insigniores
1647 3085 1690 3135 (ς’
1709 3084 1775 3133 60)
