2072 3568
354 240 455 288 Cap.
491 238 522 277 1.
1151 237 1196 277 12

353 362 518 402 abesset
561 362 818 414 periculum,
867 374 919 401 nc
961 365 1246 413 praegnanter
1288 361 1648 412 intellegerentur.
1695 361 1904 409 Quodn-eu
1938 372 1993 403 ex
2066 371 2067 374 ’

353 428 610 468 locutionum
653 428 826 479 proprio
867 439 998 467 sensu
1041 427 1181 468 elicuit
1223 438 1491 467 communem
1535 426 1749 468 notionem
1787 425 1996 469 ornandi

351 493 551 543 deditque
586 492 828 545 ἐπικοσμεῖν
862 507 947 532 τινα
976 491 1103 546 στήλῃ
1133 505 1212 543 pro
1240 491 1480 533 ἀνατιθέναι
1510 491 1710 544 (ἱστάναι)
1738 489 1814 534 τινὶ
1839 489 1995 547 στήλην

351 562 390 598 et
442 557 683 610 ἐπικοσμεῖν
727 572 815 598 τινα
864 556 1145 610 ἐπιγράμματι
1194 570 1272 609 pro
1317 556 1565 611 ἐπιγράφειν
1610 556 1683 598 τινὶ
1729 556 1991 611 ἐπίγραμμα.

356 625 476 664 Hanc
517 624 648 675 igitur
689 624 868 675 adeptus
910 627 975 663 est
1017 624 1290 664 sententiam:
1329 623 1634 677 Ἀμιγικτύονές
1672 621 1752 665 εἰσί
1782 636 1920 677 σφεας
1952 620 1996 665 ⁰1

351 688 706 741 ἐπικοσμήσαντες
739 687 911 742 στήλῃσί
942 703 983 729 τε
1017 687 1087 729 καὶ
1120 687 1406 741 ἐπιγράμμασι
1442 688 1545 736 ἔξω
1584 689 1609 741 ἢ
1647 686 1702 729 τὸ
1738 690 1832 730 τοῦ
1866 685 1992 741 μάν·

353 769 460 798 τιος
502 753 819 807 ἐπίγραμμα
861 753 946 795 κτλ.
1007 755 1288 795 Accusativus
1330 753 1376 795 τὸ
1418 757 1491 795 τοῦ
1532 753 1706 807 μάντιος
1746 752 1993 807 ἐπίγραμμα

352 823 445 870 post
474 819 559 867 ἔξω
590 820 629 872 ἥ,
661 821 734 871 qui
765 820 962 871 primitus
992 820 1202 871 pendebat
1230 833 1255 860 a
1280 821 1412 861 verbo
1436 818 1696 872 ἐπιγράφειν,
1728 829 1994 871 quamquem

352 886 467 936 prior
514 887 747 926 sententiae
793 898 895 937 pars
943 889 1104 926 mutata
1150 889 1215 926 est
1256 890 1298 926 et
1338 886 1517 926 verbum
1561 882 1809 938 ἐπιγράφειν
1847 883 1992 936 ipsum
2067 886 2072 893 ¹

350 952 550 1002 evanuit,
597 952 759 1003 integer
802 953 1048 1003 permansit.
1113 953 1338 1002 Dativum‚
1385 963 1513 1003 quem
1556 962 1718 991 novum
1758 949 1996 991 sententias

350 1017 570 1056 exordium
619 1017 813 1068 flagitare
860 1017 1106 1067 videbatur,
1159 1017 1404 1057 Herodotus
1450 1016 1638 1057 scribere
1682 1015 1859 1057 omnino
1904 1026 1992 1056 non

352 1084 512 1133 potuit,
563 1086 692 1133 atque
737 1083 842 1123 adeo
888 1084 923 1122 si
971 1083 1184 1133 dedisset,
1236 1084 1397 1123 Graece
1440 1094 1524 1122 non
1567 1082 1824 1133 scripsisset.
1882 1080 1991 1122 nm

351 1146 590 1200 ἐπικοσμεῖν
637 1163 722 1188 τινα
765 1147 1044 1201 ἐπιγράμματι
1089 1160 1325 1199 numquam
1368 1149 1494 1188 homo
1535 1147 1725 1188 Graecus
1765 1145 1874 1187 dixit
1912 1156 1994 1198 pto

350 1211 594 1265 ἐπιγράφειν
623 1212 694 1253 τινὶ
723 1213 987 1266 ἐπίγριιμμιις
1027 1226 1122 1253 cum
1155 1212 1338 1254 duobus
1364 1217 1506 1254 autem
1536 1211 1821 1253 substantivi!
1846 1209 1994 1252 dtflvo

350 1290 451 1318 casu
483 1280 630 1330 positis
659 1280 896 1330 copulaque
923 1279 993 1319 καὶ
1022 1280 1259 1319 coniunctis
1281 1280 1460 1319 verbum
1482 1277 1725 1330 ἐπικοσμεῖν
1745 1275 1993 1319 aarum

352 1346 599 1385 necessitate
627 1348 798 1385 coactus
827 1349 1140 1396 usurpaverat,
1182 1348 1228 1384 ut
1258 1345 1451 1385 notiones
1480 1343 1695 1385 statuendi
1722 1342 1836 1395 cippi
1861 1343 1993 1395 atque

351 1410 645 1450 inscribendae
682 1407 970 1461 inscriptionis
1006 1412 1227 1450 enuntiato
1266 1422 1353 1450 uno
1380 1410 1596 1450 communi
1625 1408 1988 1460 complecteretur.

407 1475 666 1515 Sententiam
706 1477 889 1526 denique
927 1477 1101 1527 paulum
1141 1477 1334 1526 invertit,
1381 1479 1428 1515 ut
1465 1487 1544 1527 pro
1574 1470 1880 1527 Ἀμφικτύωὲς
1914 1469 1996 1514 εἶσί

350 1554 482 1591 σφεας
517 1540 557 1580 οἱ
585 1540 940 1594 ἐπικοσμήσαντες
968 1540 1187 1594 στήλῃσι
1218 1556 1267 1581 τε
1294 1540 1383 1581 καὶ
1411 1538 1788 1592 ἐπιγράμμασι
1814 1538 1993 1590 ψωθία

349 1604 720 1658 ἐπιγράμμασι
757 1622 805 1646 τε
839 1606 927 1647 καὶ
963 1606 1183 1659 στήλῃσι
1208 1605 1335 1659 Ἅμα).
1368 1605 1446 1646 εἰσί
1470 1620 1544 1658 σῳ.
1577 1604 1618 1645 οἱ
1644 1604 1781 1656 ἔπιθι,
1810 1602 1991 1655 intenp-

351 1671 560 1721 tionibus,
599 1673 772 1722 opinor,
812 1673 967 1712 idcirco
996 1673 1264 1723 praemissis,
1303 1673 1418 1722 quod
1448 1673 1490 1711 in
1520 1670 1848 1722 inscriptionum
1873 1667 1992 1710 dedi·

351 1737 588 1776 cationibus
617 1738 844 1777 discrimen
873 1750 999 1778 omne
1028 1741 1276 1778 verteretur.

406 1801 431 1851 ,ξ
466 1802 526 1840 11.
589 1802 656 1842 De
682 1802 1009 1852 fundamento,
1044 1802 1173 1855 quod
1200 1802 1491 1843 Herodoteae
1518 1799 1791 1843 narrationi
1810 1798 1993 1846 euboeae

353 1864 542 1906 videtur.
603 1868 805 1913 Quaestio
843 1880 957 1907 nunc
995 1868 1216 1908 tractanda
1254 1870 1340 1917 est,
1382 1868 1455 1917 qui
1497 1867 1739 1907 Simonides
1773 1865 1992 1907 mutor

349 1943 443 1970 esse
486 1934 666 1982 potuerit
709 1934 1020 1984 inscriptionis,
1066 1946 1177 1983 quae
1218 1934 1421 1983 inscripta
1465 1933 1519 1972 sit
1561 1933 1605 1972 in
1642 1932 1768 1983 cippo
1802 1930 1860 1972 ab
1892 1929 1991 1972 aliis

352 2009 501 2048 nempe
529 1998 583 2037 ab
613 1999 992 2049 Amphictyonibus
1022 2002 1194 2039 statuto.

403 2063 525 2108 Quod
564 2076 734 2103 carmen
776 2065 1016 2104 Simonides
1054 2065 1177 2115 cippo
1217 2065 1396 2115 hospitis
1433 2063 1763 2115 insculpendum
1795 2061 1985 2114 eur-vit,

351 2129 390 2166 id
430 2141 453 2167 a
493 2133 612 2178 poeta
651 2131 744 2179 ipso
781 2131 998 2170 conditum
1037 2142 1132 2170 esse
1170 2142 1343 2170 necesse
1369 2134 1446 2170 est.
1494 2131 1601 2170 Nam
1630 2129 1813 2168 multum
1839 2126 1985 2179 ahot,

350 2194 452 2243 quin
501 2195 724 2234 credamus
767 2196 858 2234 fieri
902 2196 1118 2245 potuisse,
1171 2199 1217 2235 ut
1259 2196 1303 2235 in
1345 2195 1554 2235 eiusmodi
1596 2194 1807 2235 amicitiae
1844 2192 1990 2235 officio

350 2262 470 2309 poeta
499 2271 695 2299 summus
723 2261 859 2300 aliena
888 2273 1015 2313 opera
1046 2264 1249 2300 uteretur.
1296 2261 1420 2307 Quod
1451 2263 1563 2300 recte
1589 2271 1740 2300 omues
1768 2258 1849 2299 viri
1874 2258 1990 2300 doen

350 2329 588 2364 senserunt.
636 2327 828 2365 Attamen
868 2327 1071 2365 carminis
1108 2327 1339 2366 auctoritas
1381 2326 1624 2365 Simoniden
1662 2325 1706 2365 in
1734 2335 1867 2366 eausa
1891 2325 1990 2365 esse

351 2390 516 2439 nequit,
558 2403 634 2429 cur
673 2395 792 2440 poeta
832 2392 922 2441 ipse
959 2392 1248 2442 inscriptionis
1287 2390 1529 2431 dedicator
1561 2393 1739 2431 vocatus
1765 2390 1834 2430 sit.
1877 2388 1988 2431 Nm

349 2457 583 2493 ceterarum
610 2456 934 2505 inscriptionum
957 2457 1220 2496 dedicatores
1242 2459 1344 2496 sunt
1364 2457 1718 2507 Amphictyones,
1746 2466 1825 2495 uec
1842 2456 1991 2503 tunm

350 2520 463 2568 quod
502 2521 581 2569 ipsi
619 2522 924 2570 epigrammata
963 2522 1229 2562 condiderint
1266 2523 1340 2562 sed
1378 2523 1494 2572 quod
1531 2521 1833 2572 inscriptiones
1856 2519 1989 2572 lapidi

350 2585 522 2624 inscribi
563 2586 793 2625 iusserunt.
841 2587 1116 2626 Necessitudo
1153 2588 1306 2638 igitur,
1348 2599 1459 2638 quae
1492 2590 1555 2627 est
1585 2588 1695 2627 inter
1725 2584 1988 2627 Simonidem

350 2653 477 2699 atque
513 2663 682 2690 carmen
721 2653 851 2690 artior
889 2652 942 2691 sit
982 2664 1154 2692 necesse
1190 2655 1276 2702 est,
1318 2665 1448 2702 quam
1482 2665 1553 2702 ea,
1595 2664 1707 2702 quae
1731 2653 1849 2692 extat
1874 2651 1988 2692 inter

351 2719 514 2764 poetam
545 2717 764 2766 ipsiusque
794 2729 953 2766 poema.
996 2718 1107 2763 Quid
1137 2718 1267 2767 igitur
1297 2719 1454 2757 tactum
1484 2730 1579 2757 esse
1608 2715 1810 2757 videtur?
1849 2715 1986 2758 simo-

351 2781 492 2829 nides,
533 2782 705 2831 opinor,
748 2782 942 2831 praebuit
980 2783 1362 2833 Amphictyonibus
1402 2794 1554 2822 versus
1582 2784 1625 2822 in
1655 2783 1861 2822 honorem
1888 2780 1986 2825 bos-

350 2846 447 2895 pitis
484 2845 614 2885 nulla
643 2845 844 2898 pecunia
881 2847 1066 2897 accepta
1094 2846 1161 2896 ι13).
1208 2847 1289 2893 Qui
1321 2860 1422 2887 vero
1453 2848 1693 2887 Simonides
1720 2847 1986 2903 occasionuu

395 2999 439 3030 125
486 3001 701 3033 Simonidem
731 3012 790 3043 pro
815 3002 1031 3034 carminibus
1057 3002 1209 3043 pnetiuin
1237 3011 1305 3034 non
1331 3012 1511 3034 recusasse
1535 3008 1660 3034 notum
1684 3007 1749 3035 aet.
1786 3002 1834 3036 De
1855 2998 1986 3045 φιλαρ·

349 3054 449 3097 γυρίᾳ
474 3058 549 3089 eins
574 3058 775 3090 testimonia
801 3058 865 3090 vid.
891 3068 943 3099 ap.
969 3058 1229 3091 Schneidewin.
1254 3068 1285 3100 p.
1299 3058 1491 3100 XXleq.,
1515 3058 1722 3091 Stet-abach.
1747 3058 1864 3091 nolet„
1887 3056 1983 3091 Gal

351 3122 382 3152 p.
407 3112 470 3143 *138
495 3123 569 3154 sqq.
