2072 3568
858 211 934 253 125
1482 212 1507 267 ξ
1540 214 1611 267 74,
1647 215 1710 257 75.

235 335 484 379 ΙΙαυσανίαν
512 335 654 390 ιἠτρόν
683 336 930 390 ἐπώνυμον,
955 337 1150 391 Ἀγχίτεω
1182 338 1288 385 υἱόν,

287 402 428 444 τόνδ’
455 401 769 456 Ἀσκληπιάδην
797 403 944 455 πατρὶς
972 403 1147 456 ἔθαψε
1175 402 1305 451 Γέλα,

235 468 283 513 ὃς
309 467 597 513 πλείστους
623 471 911 520 κρυεραῖσι
939 469 1280 521 μαραινομένους
1307 469 1410 510 ὑπὸ
1439 471 1660 517 νούσοις

287 536 434 586 φῶτας
460 533 720 585 ἀπέστρεψεν
749 532 1022 587 Φερσεφόνης
1050 533 1326 586 θαλάμων.

25 647 28 650 Ἃ
128 583 210 645 Qui
250 599 591 638 Simonideorum
630 599 985 650 epigrammatum
1021 601 1298 640 traditionum
1327 602 1594 641 diversarum
1626 615 1711 642 non

75 665 130 704 sit
155 665 354 715 ignarus,
386 666 528 704 statim
558 667 763 716 agnoscat
793 677 966 704 necesse
993 668 1058 704 est
1086 667 1267 716 textum,
1302 667 1376 716 qui
1395 667 1439 705 in
1461 668 1710 719 Anthologia

0 725 29 802 ἐξ
77 728 318 770 Simonideo
356 731 527 769 nomine
563 732 763 780 ornetur,
800 721 900 770 'esse
936 731 1206 770 traditionem
1245 731 1273 770 S
1310 732 1401 770 eius
1430 734 1594 784 textus,
1636 735 1711 783 qui

0 806 23 848 Γ
72 793 238 845 legatur
265 795 380 845 apud
410 796 659 846 Diogenem,
691 807 740 834 eo
769 795 945 834 consilio
973 796 1242 846 commutati,
1276 798 1323 835 ut
1338 808 1390 835 ex
1406 798 1711 848 epigrammate

0 851 6 928 ξ
72 859 406 899 demonstrativo
443 861 642 899 evaderet
677 861 912 910 sepulcrale
943 861 1014 911 (cf.
1043 861 1164 900 lectio
1194 873 1233 900 v.
1262 861 1286 900 2
1315 860 1476 913 ἔθρεψε
1504 875 1710 913 conversa

72 923 116 963 in
153 923 318 977 ἔθαψε,
359 926 412 964 de
449 926 598 964 ceteris
638 926 721 964 vid.
758 924 783 977 ἕ
816 925 893 965 138
922 925 1008 976 sq.)
1038 925 1106 976 86).
1155 927 1247 965 Hoc
1275 929 1416 966 autem
1446 928 1488 966 in
1519 929 1597 968 hoc
1626 931 1710 980 epi-

73 992 309 1040 grammate
337 991 493 1029 mirum
523 1002 606 1029 usu
637 991 773 1041 venit,
817 991 931 1040 quod
960 992 1153 1041 traditio,
1186 1003 1316 1040 quam
1345 993 1483 1032 littera
1512 994 1546 1032 A
1573 995 1709 1046 desig-

0 1055 25 1094 ῑξ
72 1066 175 1094 nare
197 1056 404 1105 solemus,
434 1056 548 1105 apud
576 1056 804 1107 Diogenem
831 1068 916 1095 non
942 1068 1156 1106 anonyma
1181 1058 1268 1106 est,
1297 1057 1371 1096 sed
1393 1059 1518 1096 etiam
1541 1060 1711 1099 nomine

71 1121 218 1171 poetae
245 1132 303 1159 sc.
337 1121 604 1171 Empedoclis
633 1122 804 1172 gaudet.

101 1184 424 1234 *Quaerendum
466 1186 598 1236 igitur
638 1188 722 1225 est:
769 1185 809 1236 1)
854 1187 1120 1226 inveneritne
1162 1187 1367 1227 Collector
1405 1200 1469 1238 ep.
1512 1190 1555 1227 in
1593 1191 1709 1230 fonte

71 1261 151 1289 suo
190 1250 275 1290 iam
317 1251 561 1301 Empedocli
603 1252 870 1291 attributum.
929 1252 1007 1292 Cui
1049 1253 1287 1302 quaestioni
1333 1254 1488 1293 seilicet
1531 1255 1707 1294 subiun-

71 1315 186 1366 gitur
227 1316 355 1355 haec:
398 1315 441 1366 2)
488 1328 580 1367 quo
623 1317 739 1356 fonte
782 1317 987 1357 Collector
1030 1329 1138 1357 usus
1182 1318 1248 1357 sit.
1308 1319 1427 1364 Quae
1469 1320 1708 1369 disquisitio

11 1377 12 1388 ²
71 1391 224 1429 rursus
266 1381 342 1420 niti
383 1381 508 1420 debet
551 1382 761 1421 solutione
804 1383 1001 1421 huiusce:
1044 1382 1087 1433 3)
1132 1395 1259 1432 quem
1297 1384 1456 1423 fontem
1496 1386 1561 1424 vel
1599 1398 1707 1435 quos

70 1444 208 1485 fontes
236 1446 477 1485 adhibuerit
507 1447 729 1497 Diogenes.

10 1502 38 1565 ᾗ
124 1510 484 1562 proficiscendum
528 1513 651 1551 nobis
693 1515 757 1552 est
799 1513 853 1552 ab
894 1513 1026 1552 altero
1067 1514 1110 1551 in
1150 1514 1234 1552 vita
1275 1515 1552 1564 Empedoclea
1591 1518 1702 1567 loco,

70 1575 143 1616 ubi
171 1576 352 1616 alterum
381 1577 643 1628 epigramma
668 1578 996 1627 Empedocleum
1025 1577 1355 1630 (Simonideum)
1382 1580 1549 1630 legitur.
1584 1583 1701 1633 Diog.

10 1631 42 1671 Ϊ
69 1641 187 1689 VIII.
220 1641 271 1682 65
309 1643 440 1693 (Diels
475 1655 516 1693 p.
551 1642 641 1693 78):
671 1641 892 1694 Ἄκρωνος
920 1645 993 1682 τοῦ
1022 1642 1165 1694 ἰατροῦ
1195 1642 1323 1683 τόπον
1352 1644 1563 1690 αἰτοῦντος
1589 1647 1705 1699 παρὰ

69 1707 140 1758 τῆς
166 1705 323 1759 βουλῆς
351 1707 408 1752 εἷς
435 1706 700 1758 κατασκευὴν
721 1706 924 1760 πατρῴου
946 1708 1167 1761 μνήματος
1191 1707 1259 1757 διὰ
1284 1709 1356 1762 τὴν
1380 1709 1424 1749 ἒν
1447 1714 1530 1755 τοῖς
1553 1712 1706 1764 ἰατροῖς

69 1769 277 1824 ἀκρότητα
318 1771 550 1824 παρελθὼν
591 1771 615 1812 ὁ
651 1771 703 1812 'E
708 1772 992 1826 μπεδοκλῆ
1002 1788 1023 1818 ς
1060 1773 1267 1819 ἐκώλυσε,
1310 1774 1357 1814 τά
1396 1790 1436 1815 τε
1473 1776 1574 1816 ἄλλα
1612 1778 1706 1830 περὶ

2 1846 42 1885 ’Ἃ
68 1834 253 1889 ἰσότητος
281 1836 513 1890 διαλεχθεὶς
541 1837 615 1878 καί
639 1853 673 1878 τι
702 1837 772 1878 καὶ
795 1829 982 1879 τοιοῦτον
1006 1838 1243 1891 ἐρωτήσας·
1275 1840 1323 1880 ’τί
1345 1840 1390 1880 δὲ
1415 1840 1706 1895 ἐπιγράψομεν

68 1899 265 1954 &sycion
303 1903 329 1955 ἢ
359 1905 502 1943 τοῦτο·

28 1985 30 1987 ’
226 1967 361 2020 ἄκρον
390 1967 532 2021 ἰητρὸν
551 1967 736 2020 Ἄκρων’
759 1967 1081 2021 Ἀκραγαντῖνον
1109 1968 1267 2021 πατρὸς
1287 1969 1445 2022 Ἄκρου

18 2076 36 2090 Ἃ
278 2032 450 2085 κρύπτει
477 2032 670 2086 κρημνὸς
697 2033 831 2085 ἄκρος
858 2033 1059 2086 πατρίδος
1087 2033 1352 2088 ἀκροτάτης.

68 2097 205 2142 τινὲς
243 2097 298 2139 δὲ
334 2098 423 2139 τὸν
461 2098 716 2151 δεύτερον
754 2099 936 2152 στίχον
974 2098 1113 2140 οὕτω
1150 2101 1547 2178 προφερονται·

115 2208 119 2211 ,
279 2163 513 2217 ἀκροτάτης
541 2167 737 2217 κορυφῆς
764 2163 937 2216 τύμβος
951 2163 1085 2216 ἄκρος
1112 2165 1286 2217 κατέχει.

66 2227 222 2276 τοῦτό
250 2243 388 2274 τινες
415 2228 734 2282 Σιμωνίδου
763 2229 926 2282 φασὶν
954 2229 1091 2281 εἶναι
1118 2230 1186 2281 87).
1237 2232 1319 2277 Qui
1350 2235 1451 2271 sunt
1479 2234 1536 2271 illi
1566 2233 1700 2277 τινὲςὶἓ

2 2324 46 2350 Ἃ..
66 2292 149 2340 Aut
175 2295 329 2341 'omnia
373 2307 438 2334 me
477 2295 632 2335 fallunt
674 2298 748 2335 aut
791 2296 859 2335 hic
899 2294 1039 2335 huius
1080 2296 1398 2347 epigrammatis
1437 2298 1701 2347 Empedoclei

4 2358 49 2404 ἓ.
66 2358 333 2405 traditionem
373 2360 699 2411 S(imonideam)
736 2361 1052 2411 deprehendere
1086 2362 1187 2400 mibi
1218 2362 1375 2400 videor.
1424 2362 1529 2401 Cum
1560 2366 1700 2402 autem

2 2419 43 2477 93·
65 2434 131 2474 ep.
162 2424 206 2464 in
236 2425 364 2465 Faus.
396 2426 511 2476 apud
542 2427 771 2477 Diogenem
795 2427 963 2477 legatur
986 2427 1030 2466 in
1055 2427 1281 2466 traditione
1300 2427 1352 2477 A,
1387 2428 1429 2466 in
1450 2428 1700 2479 Anthologia

66 2487 110 2528 in
139 2490 254 2535 trad.
291 2490 344 2541 S,
386 2491 515 2530 huius
553 2491 872 2542 epigrammatis
907 2492 1177 2531 traditionem
1207 2494 1434 2542 utramque
1462 2494 1576 2543 apud
1608 2495 1700 2532 Dio-

66 2563 215 2603 genem
266 2556 533 2596 ooniunctam
587 2557 808 2597 habemus.
869 2557 989 2603 Quae
1041 2569 1108 2596 res
1157 2558 1369 2607 quomodo
1417 2559 1699 2608 explicanda?

6 2611 296 2673 Diogenes,
340 2621 513 2675 opinor,
559 2622 677 2662 iuxta
716 2622 875 2662 fontem
914 2623 979 2661 vel
1018 2623 1179 2671 fontes,
1226 2623 1298 2672 qui
1336 2623 1700 2673 &praebuerunt

5 2681 290 2735 fumusque
334 2685 653 2737 epigrammatis
698 2687 968 2727 traditionem
1014 2688 1048 2727 A
1066 2718 1076 2738 ,
1128 2688 1322 2727 adhibuit
1371 2689 1529 2729 fontem
1572 2702 1699 2729 suum

1277 2788 1297 2797 φ

108 2852 156 2896 ⁸⁸)
199 2855 331 2889 Textus
361 2856 626 2899 epigrammatis
653 2869 694 2892 ex
721 2862 872 2902 utraque
898 2860 1087 2892 traditione
1111 2861 1285 2893 conflatus
1310 2862 1498 2902 praebetur
1524 2862 1619 2902 l‘reg.
1645 2862 1696 2894 40.

66 2907 302 2951 Reitzenstein
326 2922 367 2945 ex
392 2913 457 2946 hoc
474 2915 728 2956 epigrammate
750 2915 855 2957 p.111
880 2916 1121 2949 demonstrare
1143 2917 1254 2949 voluit
1273 2915 1500 2949 collectorem
1522 2917 1697 2958 epigram-

25 2958 162 3001 'mata
183 2967 343 3010 Sylloges
366 2968 589 3003 Simonideae
613 2982 654 3003 ex
680 2972 856 3013 lapidibus
879 2973 1150 3014 cmquisivisse,
1174 2973 1218 3005 cs.
1242 2971 1259 3011 ἓ
1282 2972 1335 3004 253.

109 3021 168 3064 87).
196 3023 315 3066 ,Huius
346 3026 409 3058 loci
441 3026 485 3067 ab
517 3036 587 3059 uno
617 3027 889 3061 Reitzensteinio
915 3029 961 3061 Ι.Ι.
987 3046 1029 3051 -
1053 3039 1145 3070 quae
1171 3029 1262 3060 hand
1291 3039 1393 3069 parva
1418 3032 1472 3061 est
1496 3030 1571 3060 laus
1595 3046 1637 3051 —
1662 3030 1695 3061 in

0 3076 44 3118 ὲ
65 3080 271 3124 quaestione
293 3081 495 3116 Simoniden
519 3083 702 3116 tractanda
726 3084 815 3116 ratio
840 3084 960 3116 habita
983 3087 1046 3116 est.
