2072 3568
899 250 975 294 195
1469 250 1494 306 g
1528 252 1624 306 112,
1660 248 1749 296 113.

119 378 222 421 mihl
258 378 319 419 Al.
354 377 399 418 L.
433 377 491 418 11.
524 376 601 418 213
640 389 681 417 n.
715 377 812 428 372)
844 390 884 428 p.
919 379 995 418 768
1025 379 1087 418 W.
1121 379 1164 417 in
1194 378 1329 429 capite
1356 379 1408 418 de
1437 379 1671 430 hyperbato
1700 380 1753 420 ad

33 441 42 448 ”
119 447 302 498 syllabes
347 445 613 495 hyperbaton
660 444 851 493 exemplo
897 444 1199 482 illustrandum
1243 444 1531 494 fragmentum
1574 446 1754 484 affertur

118 510 436 562 epigrammatis
475 509 707 548 Simonidei
746 509 842 548 159:
887 507 986 548 ἔνιοι
1016 507 1062 548 δὲ
1090 507 1161 548 καὶ
1189 508 1232 548 ἒν
1261 511 1346 553 ταῖς
1375 507 1598 560 συλλαβαῖς
1625 509 1753 561 ὓπερ-

118 574 223 628 βατὰ
269 573 566 627 πεποιήκασιν,
614 572 684 618 ὥς
730 572 821 613 καὶ
862 572 1180 626 Σιμωνίδης
1227 573 1279 613 ἕν
1326 573 1753 625 ἐπιγράμμασιν·

119 640 292 694 ’Ἑρμῆν
329 638 441 680 τόνδ’
473 638 659 691 ἀνέθηκε
696 638 955 691 Δημήτριος·
995 638 1159 690 ὄρθια
1199 637 1239 678 δ’
1273 638 1371 678 οὐκ
1409 639 1453 678 ἐν
1490 639 1753 691 προθύροις’,

34 707 37 715 “
119 705 206 746 ἀντὶ
232 708 306 746 τοῦ
335 704 432 745 οὐκ
462 703 625 755 ὄρθια
655 702 722 743 δέ.
752 704 847 753 Quo
867 705 1108 743 testimonio
1128 704 1224 742 freti
1246 705 1409 754 Bergk,
1435 705 1592 755 Preger
1615 705 1750 756 (119),

119 763 332 811 Hauyette
370 770 428 822 (p.
467 769 537 820 31)
578 781 664 808 non
701 769 1029 819 dubitaverunt,
1071 769 1175 818 quin
1214 769 1350 819 ipsius
1392 769 1623 809 Simonidis
1661 783 1755 810 esse

119 848 292 876 versum
327 836 577 875 iudicarent.

35 939 37 941 .
172 902 383 948 Quoniam
426 901 616 940 rhetores
658 900 865 939 eiusmodi
906 900 1184 949 posteriores,
1233 900 1372 948 qualis
1415 902 1587 939 nostrae
1624 902 1754 951 scrip·

37 971 40 973 ’
118 968 245 1007 tionis
285 969 349 1006 est
391 968 560 1016 auctor,
606 966 650 1004 in
688 965 892 1015 exemplis
929 965 1169 1015 figurarum
1208 966 1515 1015 troporumque
1552 966 1755 1016 eligendis

118 1033 201 1083 ipsi
244 1033 358 1071 ultra
404 1033 639 1071 Homerum
682 1033 959 1083 oratoresque
1000 1031 1199 1081 progredi
1241 1042 1327 1069 non
1371 1032 1532 1082 solent,
1585 1044 1757 1071 necesse

28 1123 43 1148 ,κ
119 1099 183 1137 est
219 1098 299 1137 hoc
337 1096 471 1149 lyrici
487 1104 490 1108 '
506 1097 795 1146 fragmentum
834 1096 877 1134 in
917 1095 1220 1145 scriptionibus
1251 1096 1471 1135 rhetoricis
1501 1098 1755 1136 tralaticium

34 1155 45 1197 ἧ
119 1163 349 1214 hyperbati·
384 1161 428 1202 ἒν
469 1159 655 1213 συλλαβῇ
697 1161 832 1199 fuisse
868 1161 1122 1210 exemplum.
1171 1161 1299 1200 Haud
1329 1162 1415 1200 scio
1444 1173 1498 1200 an
1529 1174 1613 1200 non
1642 1174 1755 1201 erra—

32 1219 45 1269 ’,
120 1228 253 1267 verim
293 1228 336 1266 id
379 1228 568 1267 referens
610 1227 664 1265 ad
703 1226 1093 1275 Herodianum;
1137 1227 1260 1266 cuius
1296 1238 1349 1266 ex
1387 1227 1555 1277 scriptis
1594 1228 1755 1266 rivulos

42 1300 43 1318 ³
119 1292 298 1332 fluxisse
334 1292 614 1332 'creberrimos
651 1291 695 1330 in
733 1291 990 1341 posteriores
1019 1292 1320 1341 grammaticos
1351 1292 1455 1330 satis
1484 1295 1649 1332 constat
1681 1293 1751 1344 (cf.

34 1370 39 1392 1
121 1359 248 1398 Lentz
278 1359 299 1397 I
328 1370 368 1408 p.
389 1356 513 1407 XIII)
545 1368 758 1406 quemque
785 1357 1050 1407 fraymenta
1079 1355 1472 1408 epiyrammatum
1501 1358 1544 1396 in
1576 1357 1758 1398 Corona

23 1450 34 1481 '3
120 1422 380 1475 Meleayrea
407 1423 679 1462 inventorum
708 1422 909 1460 laudasse
938 1419 1120 1461 adiecta
1147 1422 1263 1461 nota
1291 1420 1353 1465 ὡς
1380 1421 1451 1461 καὶ
1482 1422 1582 1473 (eg.
1607 1421 1755 1475 Σιμω-

21 1488 35 1525 f*
120 1486 236 1541 νίὸης
265 1489 331 1528 vel
359 1486 648 1539 Καλλίμαχος)
680 1485 724 1526 ἐν
752 1485 1064 1538 ἐπιγράμμασιν
1093 1486 1278 1525 vidimus
1310 1486 1335 1538 ξ
1367 1487 1429 1526 64.

176 1553 260 1593 Sed
281 1554 371 1593 sive
386 1553 658 1592 Herodianus
678 1552 758 1590 fuit
779 1552 869 1590 sive
888 1553 996 1590 alius
1017 1552 1335 1602 grammaticus,
1354 1553 1428 1602 qui
1444 1554 1757 1604 Ps.-Tryphoni

26 1664 45 1670 ,Α
125 1618 415 1658 Simonideum
452 1618 648 1667 tradidit,
690 1617 782 1656 fieri
820 1629 905 1656 non
945 1619 1103 1667 potest,
1146 1619 1193 1656 ut
1231 1618 1298 1656 hic
1327 1629 1379 1655 ex
1406 1618 1477 1657 illo
1505 1620 1757 1659 sententiam

39 1691 41 1694 ⁴
121 1685 330 1736 integram
372 1683 620 1723 servaverit.
667 1683 835 1721 Etenim
877 1683 991 1732 quod
1034 1683 1300 1733 hyperbaton
1342 1684 1483 1722 inesse
1523 1684 1677 1723 dicitur
1713 1685 1757 1723 in

33 1745 38 1748 ⁶
121 1750 188 1789 his
217 1750 414 1788 versibus
446 1747 611 1800 (ὄρθια
642 1746 681 1788 δ’
706 1746 815 1799 οὐκ]
848 1746 935 1787 ἀντὶ
963 1750 1036 1787 τοῦ
1066 1746 1158 1787 οὐκ
1188 1747 1334 1799 ὄρθια
1366 1747 1458 1799 δέ),
1491 1749 1533 1787 id
1563 1749 1759 1800 syllabes

37 1825 38 1828 ’
121 1815 386 1866 hyperbaton
425 1826 511 1853 non
548 1816 631 1862 est;
672 1814 785 1852 vitiis
823 1815 1040 1863 praeterea
1078 1814 1264 1852 metricis
1293 1814 1458 1853 laborat
1487 1827 1639 1854 versus
1668 1815 1759 1865 ipse

123 1877 368 1930 (corripitur
398 1880 512 1919 vocis
543 1877 782 1931 Δημήτριος
810 1879 973 1929 syllaba
1003 1879 1162 1929 prima,
1196 1879 1313 1918 deest
1342 1879 1385 1918 in
1415 1879 1502 1918 fine
1526 1880 1758 1919 hexametri

121 1948 216 1995 post
245 1943 347 1995 οὐκ,
379 1957 466 1984 una
495 1943 693 1995 syllaba).
727 1945 848 1984 Unus
877 1956 929 1983 ex
958 1945 1061 1983 viris
1090 1945 1244 1995 doctis,
1278 1946 1351 1994 qui
1381 1957 1554 1983 versum
1582 1946 1626 1991 in
1655 1946 1758 1984 inte-

29 2041 36 2054 ,.
121 2022 246 2060 grum
280 2011 502 2050 restituere
529 2010 669 2050 conati
698 2011 799 2049 sunt
827 2031 879 2037 —-
908 2011 1144 2049 ceterorum
1173 2010 1439 2049 coniecturas
1469 2010 1614 2049 videas
1643 2011 1758 2060 apud

2 2065 3 2068 ¹
32 2072 43 2106 ἶ
122 2075 353 2125 Bergkium
374 2078 502 2125 atque
522 2076 776 2126 Pregerum,
801 2075 1007 2114 accedunt
1027 2075 1354 2114 Ludwichianae
1374 2076 1522 2125 Progr.
1549 2076 1753 2125 Konigsb.

2 2186 3 2189 Ἴ
39 2162 47 2175 ι
124 2140 225 2180 1897
253 2153 294 2191 p.
327 2141 351 2180 4
385 2163 454 2191 —,
486 2141 551 2180 W.
587 2141 816 2191 Headlam,
848 2143 889 2179 et
916 2141 1133 2180 lenissima
1161 2143 1202 2180 et
1231 2141 1472 2179 felicissima
1502 2143 1759 2180 correctione

2 2214 3 2217 ’
42 2214 46 2237 i
122 2206 292 2245 metrica
337 2206 434 2245 vitia
480 2206 707 2244 sustulisse
748 2205 851 2244 mihi
894 2205 1063 2244 videtur
1104 2207 1232 2255 atque
1270 2206 1454 2255 syllabes
1493 2206 1756 2256 hyperbaton

27 2270 43 2311 μ’
122 2281 356 2310 revocasse.
401 2271 556 2310 Journ.
597 2271 641 2310 of
683 2270 830 2309 Philol.
873 2270 937 2310 26.
982 2270 1083 2309 1899
1126 2283 1166 2320 p.
1209 2271 1259 2309 93
1301 2272 1341 2309 et
1385 2270 1519 2309 Class.
1554 2271 1655 2309 Rev.
1692 2270 1753 2309 14.

34 2330 47 2390 ‘j
124 2335 226 2375 1900
254 2348 295 2386 p.
322 2336 347 2375 9
375 2338 538 2375 textum
568 2336 740 2374 refinxit
769 2336 848 2374 sic:
1144 2330 1146 2333 ’

382 2398 543 2453 “Ερμῆν
571 2399 684 2440 τόνδ’
709 2399 877 2452 ἀνέθη
909 2399 1148 2453 Δημήτριος
1171 2398 1409 2451 Ὀρθιάόου
1438 2415 1529 2439 κεν

440 2465 484 2505 ἐν
515 2465 755 2517 προθύροις
785 2496 794 2504 .
830 2496 837 2505 .
874 2496 883 2505 .
919 2496 928 2505 .

39 2558 50 2569 „
125 2531 318 2582 Syllabas
359 2531 624 2582 hyperbaton
668 2534 843 2582 apparet
885 2532 928 2570 in
973 2531 1178 2570 vocabulo
1221 2529 1454 2582 ἀνέθη-κεν
1495 2531 1646 2570 diviso.
1701 2531 1760 2569 De

1 2625 6 2629 -
122 2597 293 2636 nomine
329 2597 502 2647 proprio
525 2595 762 2649 Ὀρθιάόης
790 2609 830 2636 ν.
864 2597 904 2635 d.
937 2597 1120 2635 conferri
1149 2597 1265 2635 iubet
1295 2597 1402 2635 CIG.
1436 2596 1543 2634 2338
1571 2598 1611 2634 et
1642 2596 1754 2634 Fick.

38 2659 45 2681 ²
125 2661 494 2701 Personennamen
525 2675 565 2712 p.
601 2662 689 2702 131.
741 2663 892 2712 Itaque
919 2662 1141 2712 explicatio
1169 2660 1257 2700 ἀντὶ
1286 2663 1358 2719 τρῖ·
1388 2659 1486 2700 οὐκ
1517 2660 1673 2711 ὄρθια
1705 2659 1760 2699 δέ

46 2729 54 2775 j
122 2726 293 2766 demum
322 2728 514 2777 apposita
543 2730 630 2778 est,
673 2730 900 2778 postquam
930 2730 1071 2766 textus
1100 2727 1419 2777 epigrammatis
1448 2726 1539 2775 ipse
1568 2736 1758 2774 pessum-

42 2847 43 2850 Ἴ
123 2791 249 2831 datus
277 2793 341 2830 est
370 2803 507 2841 neque
535 2793 619 2832 iam
649 2793 835 2842 genuina
863 2793 1085 2843 explicatio
1115 2792 1298 2842 intellegi
1328 2792 1476 2841 potuit.

176 2856 306 2895 Valde
351 2857 439 2895 veri
482 2858 686 2897 dissimile
727 2860 790 2897 est
832 2859 1120 2908 epigramma,
1172 2858 1214 2895 in
1258 2869 1343 2906 quo
1386 2856 1592 2894 eiusmodi
1636 2856 1758 2892 lusus

2 2946 5 2981 ξ
42 2923 58 2972 2,
122 2924 342 2972 occurrat,
385 2922 467 2961 iam
511 2925 610 2962 ante
651 2923 921 2963 Collectorem
965 2922 1181 2961 conditum
1224 2933 1330 2959 esse.
1377 2922 1471 2965 Qua
1514 2921 1566 2958 de
1603 2931 1755 2968 causa,

0 3004 58 3035 ,1
124 2986 159 3024 si
203 2998 351 3025 revera
392 2998 456 3037 ep.
499 2988 554 3026 ab
597 2988 842 3027 Herodiano
882 2999 933 3026 ex
973 2988 1139 3027 Corona
1181 2987 1413 3035 Melcagrea
1454 2986 1628 3034 petitum
1667 2996 1761 3022 esse

1 3052 9 3103 f
52 3072 57 3074 -
125 3051 310 3101 videtur,
352 3051 393 3090 id
431 3052 474 3090 in
512 3052 582 3091 illa
619 3063 764 3091 errore
800 3052 943 3100 aliquo
984 3051 1215 3090 Simonidis
1255 3062 1405 3089 nomen
1438 3050 1637 3098 adeptum
1667 3060 1761 3087 esse

2 3124 3 3129 ’
55 3158 63 3168 2
124 3116 468 3156 constituendum
497 3118 573 3156 est.

1562 3178 1627 3212 13*
