2072 3568
371 232 471 279 (ffap.
507 227 596 278 111,
633 228 692 267 19.
1152 225 1227 266 170

372 355 475 402 (vid.
513 353 679 404 supra).
728 354 804 403 Ep.
842 356 983 392 autem
1022 353 1101 392 276
1141 351 1370 403 Hegesippi
1410 352 1452 391 in
1490 352 1750 403 nauh-agunt
1778 352 1862 392 iam
1888 350 1947 393 ab
1972 352 2007 392 Δ

371 420 410 458 in
450 420 536 458 duo
573 431 667 469 epp.
704 419 972 469 dispertitum
1002 420 1065 457 est
1096 417 1302 468 ascripta,
1343 417 1535 457 clausula
1564 405 1607 456 i'n
1636 416 1724 457 fine
1751 427 1792 456 v·
1817 416 1867 467 4,
1907 418 2007 457 nota

371 485 517 524 initiali
545 487 643 524 ante
673 497 711 523 v.
739 486 763 523 5
795 485 827 523 1,
857 484 1052 524 ultimum
1082 483 1293 522 distichon
1325 483 1384 533 (v.
1413 483 1438 523 5
1467 481 1555 534 sq.)
1587 493 1700 522 novo
1717 481 1889 523 ornavit
1907 480 2008 522 lem-

372 554 481 590 mate
517 549 574 593 εἵς
610 547 797 601 ναυηγὸν
834 548 993 600 ἕτερον,
1035 549 1102 588 eui
1141 548 1173 589 C
1212 548 1385 594 titulum
1421 547 1573 588 adiecit
1607 544 1769 600 ἄδηλον
1796 545 2008 598 (0181131118

371 619 555 665 notaque
595 618 735 655 tamen
778 615 947 664 deletis,
993 614 1164 665 opinor,
1211 614 1311 664 quia
1350 613 1485 653 sensit
1521 624 1693 653 carmen
1730 610 2008 652 dividendum

371 693 453 719 non
490 693 605 730 esse,
646 681 699 720 cI.
735 680 915 720 Stadtm.
949 691 1049 719 ann.
1082 680 1137 719 ad
1166 679 1260 719 VH.
1291 679 1448 728 276,4).
1494 678 1631 727 Quid,
1672 677 1789 728 qnod
1816 676 1898 718 hoe
1921 676 2008 729 epi·

370 758 561 797 gramma
599 746 815 796 excepisse
853 748 1056 796 putamus
1092 745 1135 783 in
1176 744 1419 795 Cephalana
1457 744 1583 783 Anth.
1621 743 1802 783 alterum
1829 742 1875 783 in
1902 752 2009 784 nan·

370 813 538 862 tragum
568 823 633 861 ep.
659 811 911 861 Hegesippi,
945 811 1082 860 quod,
1115 822 1212 850 cum
1234 810 1503 849 hexametros
1522 808 1753 859 dactylicos
1770 808 2010 859 aequantur

370 877 547 916 trimetri
576 877 765 926 iambici,
799 876 842 915 in
871 876 1026 915 librum
1058 876 1177 915 XIII.
1209 875 1257 915 12
1287 875 1518 925 relegatum
1548 872 1644 914 est?
1666 895 1717 903 -
1744 873 1824 924 Ep.
1844 871 2009 913 x111.·3

370 942 578 981 Theocriti
609 942 1028 982 eholiambicum
1058 942 1099 980 in
1124 941 1434 991 Hipponactem
1461 942 1676 979 mortuum
1700 939 1743 979 in
1765 937 2010 990 eupli-lun
2063 938 2065 940 “

370 1009 521 1047 lectum
551 1019 645 1047 esse
667 1007 895 1047 conieceris
920 1010 1016 1057 post
1040 1007 1219 1046 alterum
1243 1018 1308 1056 ep.
1333 1005 1522 1045 eiusdem
1547 1004 1789 1056 argumenti
1812 1003 1908 1044 vn.
1930 1002 2011 1045 586

371 1074 526 1121 Alcaei;
557 1073 660 1112 illud
688 1075 753 1112 est
782 1073 895 1123 apud
928 1073 1044 1111 Plan.
1074 1070 1176 1112 IIIb.
1209 1072 1261 1111 22
1293 1070 1368 1121 (εἰς
1390 1069 1605 1123 ποιητάς),
1637 1070 1683 1121 6,
1714 1069 1797 1110 hoc
1823 1067 1927 1110 111⁸.
1955 1068 2010 1109 22

372 1138 446 1188 (εἰς
482 1137 700 1190 ποιητάς),
746 1139 806 1178 19.
854 1138 1027 1177 Praeter
1066 1138 1144 1177 hoc
1179 1149 1244 1187 ep.
1273 1148 1408 1176 unum
1437 1136 1534 1175 libri
1564 1135 1671 1175 XIII
1698 1146 1765 1186 ep.
1792 1133 2012 1175 invenitur

370 1205 484 1254 apud
523 1204 755 1243 Planudem
794 1215 852 1243 sc.
887 1215 952 1254 ep.
991 1203 1110 1242 XIII.
1149 1203 1201 1242 29
1240 1202 1477 1252 Nicaeneti,
1519 1201 1563 1241 in
1600 1212 1689 1251 quo
1715 1200 2010 1240 hexametrum

369 1270 623 1320 dactylicum
659 1269 853 1319 sequitur
881 1269 1133 1308 trimeter
1169 1268 1459 1316 iambicus;
1499 1267 1560 1306 Pl.
1588 1265 1644 1307 Ib.
1671 1265 1724 1307 33
1753 1263 1831 1317 (ate,-
1853 1261 2007 1317 οἶνον),

369 1335 393 1373 2
425 1335 647 1385 (Nicerati,
680 1333 821 1384 falso).
856 1334 1091 1383 Planudes‚
1124 1334 1283 1384 quippe
1305 1344 1432 1383 quem
1457 1332 1766 1383 epigrammata
1785 1341 1872 1371 non
1891 1329 2010 1371 dhu-

370 1401 461 1439 ehis
502 1400 697 1450 elegiacis
737 1400 927 1439 confecta
965 1400 1161 1439 consulto
1197 1399 1382 1438 evitasse
1418 1399 1568 1437 notum
1605 1397 1683 1447 sit,
1728 1398 1875 1437 utrum
1908 1405 2006 1447 epp.

371 1466 466 1504 libri
506 1466 610 1504 XIII
649 1466 732 1504 iam
771 1465 923 1504 selecta
958 1465 1000 1503 in
1031 1464 1233 1515 peculiari
1262 1463 1372 1503 libro
1400 1475 1454 1503 an
1484 1463 1679 1513 dispersa
1707 1473 1784 1513 per
1810 1460 2010 1502 Antholo-

371 1531 482 1581 giam
513 1531 744 1580 invenerit,
777 1530 986 1570 incertum
1015 1533 1079 1569 est
1110 1529 1181 1580 (cf.
1213 1528 1239 1580 ξ
1274 1529 1346 1568 111
1378 1541 1420 1568 n.
1452 1527 1561 1579 155).

426 1597 630 1635 Deinde
667 1596 750 1635 iam
791 1595 817 1647 ξ
857 1595 905 1635 91
946 1595 1242 1634 demonstrare
1278 1596 1458 1634 conatus
1487 1604 1583 1633 sum
1615 1591 1675 1644 (p.
1704 1591 1782 1632 158
1808 1589 1927 1643 sqq.)
1953 1591 2011 1632 ad

370 1662 717 1712 compositionem
754 1661 850 1700 libri
889 1661 995 1699 XIII
1035 1660 1280 1699 referendas
1316 1671 1412 1699 esse
1441 1657 1655 1709 lacunas,
1694 1668 1807 1709 quae
1832 1657 1903 1698 hie
1927 1657 2012 1698 mic

370 1728 412 1766 in
444 1727 585 1766 codiee
614 1727 806 1766 Palatino
834 1728 1121 1776 compareant.
1155 1726 1235 1775 Ep.
1265 1725 1384 1764 XIII.
1416 1725 1435 1763 1
1468 1723 1651 1774 Philippi
1678 1722 1872 1763 musso
1897 1722 2011 1763 vide-

371 1796 441 1831 tur
477 1793 520 1831 in
560 1792 802 1842 Cephalana
840 1795 936 1841 post
973 1803 1038 1841 ep.
1067 1791 1115 1830 V.
1144 1790 1168 1830 3
1206 1790 1377 1841 (lacuna
1406 1792 1471 1829 est
1498 1791 1595 1840 post
1621 1800 1687 1839 ep.
1715 1788 1763 1829 V.
1789 1786 1901 1839 4,2),
1938 1798 2007 1839 op.

373 1858 491 1897 XIII.
530 1858 553 1897 7
592 1857 836 1898 Callimachi
874 1859 970 1906 post
1006 1868 1071 1906 ep.
1106 1856 1177 1895 VI.
1217 1855 1289 1895 121
1333 1855 1504 1905 (lacuna
1542 1856 1639 1905 post
1673 1865 1741 1905 ep.
1770 1852 1844 1893 VI.
1882 1852 2008 1904 125),

370 1935 435 1973 ep.
465 1924 585 1962 XIII.
613 1924 637 1962 4
667 1922 944 1962 Anacreontis
972 1925 1069 1972 post
1096 1933 1162 1972 ep.
1190 1921 1263 1960 VI.
1293 1921 1369 1960 133
1400 1921 1571 1971 (lacuna
1598 1921 1697 1970 post
1722 1929 1789 1970 ep.
1802 1918 1875 1959 VI.
1895 1916 2007 1970 148),

371 2001 435 2038 ep.
479 1989 598 2027 XIII.
639 1988 665 2027 8
705 1987 996 2027 Theodoridae
1037 1989 1133 2037 post
1174 1998 1270 2037 epp.
1306 1986 1377 2025 VI.
1422 1986 1519 2035 154,
1568 1985 1667 2035 155,
1716 1983 1793 2025 156
1828 1983 1897 2024 vel
1933 1982 2011 2024 157

373 2054 543 2104 (lacuna
573 2057 669 2103 post
696 2065 761 2103 ep.
788 2053 857 2092 VI.
889 2051 1000 2101 157).
1032 2051 1116 2098 Qui
1143 2052 1236 2091 fieri
1267 2051 1472 2102 potuerit,
1505 2052 1553 2089 ut
1575 2050 1729 2089 lacuna
1752 2060 1839 2089 non
1862 2048 2010 2089 εοιίειιι

372 2120 461 2159 loco
506 2120 775 2168 inveniatur,
830 2130 881 2157 ex
928 2129 1015 2167 quo
1060 2129 1126 2167 ep.
1171 2117 1401 2157 evanuisse
1447 2115 1670 2165 videatur,
1721 2114 1902 2166 exposui
1945 2113 2007 2155 LI.

373 2185 436 2224 Cf.
466 2186 684 2234 praeterea
714 2183 740 2236 ξ
771 2184 820 2223 91
853 2195 894 2222 n.
925 2183 1015 2222 132.

425 2249 548 2295 Quod
591 2249 697 2288 liber
739 2249 845 2288 XIII
887 2248 976 2287 fere
1017 2248 1142 2287 unice
1177 2247 1485 2298 epigrammata
1523 2247 1718 2287 Coronae
1751 2244 2013 2295 neugma

372 2315 557 2354 continet
593 2336 645 2342 —
681 2326 766 2364 qua
805 2326 850 2353 re
878 2313 1061 2352 Wolters
1088 2324 1154 2362 ep.
1181 2312 1367 2362 primum
1401 2307 1791 2352 Thessalonicam
1816 2309 2013 2360 Philippo

372 2380 629 2419 abiudicavit
670 2402 739 2429 -,
780 2379 823 2418 id
863 2378 1137 2418 Wilamowitz
1175 2380 1287 2417 reete
1321 2389 1371 2417 eo
1404 2377 1652 2427 explicavit,
1691 2374 1808 2426 quod
1835 2374 2011 2425 posteri-

372 2446 520 2484 oribus
556 2445 819 2495 temporibus
857 2446 1004 2494 poetae
1041 2443 1213 2483 nonnisi
1251 2442 1444 2482 distichis
1480 2441 1676 2491 elegiacis
1703 2432 2010 2492 epigrammata

373 2510 554 2549 condere
581 2510 786 2549 solebant.

428 2576 492 2614 Ex
530 2575 609 2614 hac
645 2575 932 2624 disputatione
967 2575 1100 2625 igitur
1137 2573 1365 2623 procedere
1401 2574 1506 2623 puto
1543 2571 1668 2611 nobis
1702 2570 1829 2610 licere
1859 2568 2011 2610 docimi

373 2640 483 2679 tertii
520 2640 615 2679 libri
652 2640 797 2678 titulos
838 2639 1104 2678 Simonideos
1141 2638 1287 2677 eadem
1318 2649 1468 2677 norma
1497 2637 1723 2676 aestimare
1748 2636 1879 2686 atque
1904 2635 2011 2674 cate-

375 2716 519 2743 rorum
552 2705 893 2743 Simonideorum
921 2706 1276 2754 epigrammatum
1307 2703 1474 2752 titulos,
1506 2713 1617 2752 quos
1637 2701 1681 2740 in
1702 2700 1830 2740 Anth.
1849 2699 2011 2750 oepha·

374 2770 471 2808 lana
500 2769 679 2808 affuisse
706 2772 884 2808 constet.

430 2833 455 2884 ἓ
486 2834 551 2874 95.
612 2833 680 2874 De
716 2833 902 2885 Sylloye
937 2831 1013 2872 Σπ.
1071 2834 1136 2872 Ex
1174 2834 1312 2873 indice
1348 2832 1505 2872 codicis
1541 2831 1721 2871 Palatini
1754 2830 1915 2870 scimus
1937 2827 2010 2880 1⁴¹)

374 2899 558 2938 codicem
595 2899 732 2949 primo
769 2899 860 2938 loco
897 2899 1159 2938 continuisse
1195 2898 1336 2937 Nonni
1374 2896 1658 2948 paraphrasin
1688 2892 1911 2945 Evangelii
1934 2882 2011 2934 J'o-

376 2963 553 3014 hannis,
594 2976 704 3013 quae
741 2976 856 3004 nunc
893 2964 1174 3003 desideratur.
1221 2964 1273 3002 In
1310 2963 1419 3007 eius,
1440 2962 1532 3002 loeo
1568 2962 1612 3001 in
1646 2961 1743 3000 libri
1770 2960 1912 2999 fronte
1937 2969 2010 3010 ag·

421 3099 480 3139 ¹⁴1)
527 3098 580 3132 Cf.
602 3099 735 3132 Jacobs,
761 3101 824 3132 vol.
850 3100 896 3132 llI
924 3111 955 3142 p.
978 3100 1000 3132 3
1023 3110 1118 3142 sqq.‚
1148 3100 1300 3133 Stadtm.
1325 3099 1391 3133 vol.
1415 3099 1430 3132 1
1454 3109 1485 3141 p.
1510 3098 1555 3131 VI
1579 3108 1631 3140 sq.
