2072 3568
353 217 454 265 (lap.
490 214 579 264 III,
617 215 676 254 19.
1136 214 1211 254 168

353 339 593 389 (tephalana
634 340 696 378 vel
735 351 831 378 cum
869 340 962 379 eius
1001 339 1204 378 lontibus.
1251 338 1375 385 Quod
1413 351 1464 380 eo
1499 340 1726 393 probatur,
1765 341 1904 395 quod,
1940 342 1988 384 in

354 405 430 444 hoc
468 404 575 444 libro
612 405 814 455 leguntur
846 416 940 455 epp.
969 405 1203 455 quaedam,
1244 416 1356 455 quae
1383 405 1526 447 itidem
1555 405 1599 446 in
1628 404 1840 459 Cephalus
1864 406 1991 449 tonu-

352 470 434 508 bus
472 470 575 509 lecta
612 482 707 509 esse
743 471 910 509 constat
945 470 1009 509 vel
1039 468 1259 520 probabile
1284 472 1363 510 est.
1410 470 1669 512 Pausaniam
1699 470 1748 524 (5
1776 471 1989 525 65)en1m
2060 454 2065 494 ’-

352 535 393 573 in
438 535 604 574 Corona
648 534 881 585 Meleagron
920 534 1136 574 invenisse
1174 534 1401 575 verisimile
1437 535 1641 577 duximus
1677 548 1744 589 ep.
1781 536 1902 579 xm.
1939 536 1991 580 1⁶

351 600 519 649 eodem,
560 611 646 650 quo
676 611 790 639 nunc
818 602 1018 651 ornatur,
1058 600 1180 640 titulo
1209 598 1444 641 ἀδέσποτον
1471 600 1753 653 instructum,
1785 601 1991 645 Herodia-

353 676 454 703 num
495 665 542 715 (g
580 663 649 715 64)
689 676 753 715 ep.
794 665 913 705 xm.
951 665 1004 705 28
1041 665 1369 717 Bacchylidem
1400 677 1435 706 s.
1466 666 1759 708 simoniacum
1789 665 1888 719 (148
1915 666 1989 719 Β.)

351 733 391 769 et
435 730 553 769 XIII.
597 730 619 769 7
663 730 1015 781 Callimaeheum,
1062 731 1421 782 Hephaestionem
1462 730 1510 785 (ξ
1548 731 1619 783 54)
1660 732 1991 786 Callimachum:

351 807 415 846 ep.
456 795 573 835 xm.
611 796 675 835 25.
725 796 803 846 Ep.
843 796 962 836 xm.
1001 796 1053 836 26
1084 796 1311 847 (simonia.
1344 795 1439 847 112)
1470 797 1513 837 in
1545 796 1719 850 syuoge
1746 797 1991 840 simoniden
2070 799 2072 802 ⁴

351 861 550 911 affuisse,
592 861 956 901 demonstrabitur
996 861 1022 914 ξ
1063 862 1160 902 128;
1197 874 1250 902 ex
1287 874 1374 913 qua
1413 863 1565 914 opinor
1602 874 1677 914 per
1711 863 1991 916 ude-greum
2032 852 2037 855 ⁵

353 927 563 966 Coronam
592 927 634 966 in
664 926 819 966 librum
851 927 955 966 XIII
986 928 1193 978 pervenit.

406 992 667 1042 cognatione
706 992 803 1031 libri
847 993 951 1032 XIII
995 1004 1092 1033 cum
1130 993 1257 1032 Anth.
1297 993 1541 1044 Cephalana
1578 993 1871 1035 demonstat·
1904 993 1991 1036 itm
2053 1016 2072 1024 .-

352 1058 523 1096 transeo
565 1057 618 1097 ad
657 1057 962 1097 Wilamowitzii
1005 1058 1271 1108 opinionem,
1316 1059 1662 1099 concinnatorem
1699 1059 1994 1112 compontifice

353 1122 467 1161 hunc
514 1123 790 1174 Anthologiae
834 1124 1050 1164 Palatinae
1092 1124 1248 1163 librum
1293 1127 1392 1164 ante
1434 1124 1664 1175 Cephalam
1710 1124 1801 1166 ‘auf
1837 1124 1991 1167 Gmnd

352 1199 530 1227 unserer
568 1187 831 1240 Anthologie'
871 1189 897 1228 i.
927 1201 962 1228 e.
991 1190 1201 1240 Cephalae
1229 1201 1357 1229 usum
1387 1190 1591 1230 fontibus.
1637 1190 1758 1237 Quae
1783 1190 1928 1242 ορίιιίο
1952 1189 1992 1232 εἰ

353 1255 443 1292 rata
482 1253 610 1303 foret,
653 1266 739 1293 non
777 1254 923 1293 mirari
962 1266 1047 1294 non
1087 1266 1334 1305 possemus,
1375 1255 1491 1306 quod
1530 1255 1694 1295 nullum
1729 1267 1784 1296 ex
1816 1255 1992 1308 triginta

352 1318 433 1356 illis
471 1318 566 1357 libri
606 1319 711 1358 XIII
749 1320 1069 1370 epigrammatis
1106 1321 1149 1359 in
1188 1321 1293 1371 ipsis
1322 1321 1443 1360 libris
1470 1321 1750 1372 Anthologiae
1775 1320 1998 1362 Palatinae*

353 1383 607 1433 Cephalanis
645 1384 778 1424 adest.
825 1385 930 1424 Nam
970 1385 1065 1435 tali,
1106 1386 1274 1435 qualem
1309 1386 1586 1425 Wilamowitz
1611 1397 1706 1426 eam
1733 1386 1870 1427 fuine
1894 1397 1991 1438 pm-

354 1449 493 1499 ponit,
536 1450 722 1489 auctoris
759 1450 855 1489 libri
895 1451 1000 1489 XIII
1038 1462 1167 1501 opera
1197 1451 1315 1490 nullo
1343 1451 1469 1490 modo
1497 1451 1591 1491 fieri
1619 1451 1778 1503 potuit,
1818 1452 1867 1492 ut
1890 1462 1988 1504 epp.

353 1514 445 1564 ipsa
474 1527 525 1553 ex
555 1515 765 1565 Cephalae
792 1516 984 1555 fontibus
1012 1518 1327 1556 evanescerent.
1361 1516 1513 1567 Itaque
1541 1516 1771 1558 verisimile
1794 1517 1863 1558 est
1887 1517 1993 1558 haee

316 1589 319 1592 ’
353 1591 447 1629 epp.
486 1579 544 1619 ab
582 1579 871 1633 Antlzoloqia
908 1580 1175 1632 Cephalana
1212 1581 1319 1633 ipsa
1352 1585 1565 1622 secreta
1593 1583 1637 1622 in
1666 1582 1868 1634 peculiari
1897 1582 1992 1635 syl-

352 1645 445 1695 loge
475 1648 569 1695 post
599 1646 794 1685 ultimum
824 1646 980 1685 librum
1013 1646 1113 1697 (AP.
1143 1648 1226 1687 XII
1255 1664 1308 1680 =
1335 1648 1463 1687 Anth.
1489 1646 1735 1700 Geph.V11)
1758 1647 1991 1700 composita

351 1722 457 1749 esse.
508 1711 577 1750 Sic
615 1723 752 1760 neque
789 1712 1077 1751 necessarium
1115 1714 1180 1752 est
1216 1713 1375 1752 librum
1413 1713 1520 1752 XIII
1557 1724 1636 1764 pro
1669 1712 1842 1754 maioris
1867 1713 1991 1755 seriei

353 1776 592 1825 fragmento
629 1777 774 1816 haberi
814 1789 952 1827 neque
989 1778 1187 1817 fortunae
1223 1778 1522 1828 tribuendum,
1563 1779 1679 1829 quod
1712 1778 1796 1830 ipsi
1823 1776 1992 1831 Cadme-

355 1839 491 1880 lanac
526 1842 803 1892 Anthologiae
840 1843 909 1882 illa
940 1844 1101 1894 sylloge
1130 1843 1290 1883 adiecta
1319 1846 1405 1894 est,
1447 1866 1497 1871 -
1526 1843 1642 1894 quod
1669 1844 1722 1883 iis
1748 1843 1991 1884 iaciendum

352 1908 463 1956 erat,
492 1907 565 1956 qui
590 1907 933 1947 concinnatorem
959 1908 1170 1959 Cephalae
1188 1909 1380 1949 fontibus
1399 1921 1528 1949 usum
1547 1920 1643 1949 esse
1661 1908 1987 1949 arbitrarentur.

406 1972 528 2011 Nunc
556 1972 846 2022 inquiramus:
888 1973 928 2023 1)
965 1974 1107 2013 sintne
1134 1974 1178 2013 in
1207 1974 1317 2014 libro
1345 1974 1450 2014 XIII
1482 1974 1685 2026 vestigia,
1725 1986 1838 2025 quae
1862 1985 1991 2027 argu·

352 2039 426 2075 ant
454 2039 669 2076 auctorem
699 2038 896 2078 hausisse
923 2040 1231 2090 epigrammata
1259 2052 1313 2079 ex
1340 2040 1468 2079 Anth.
1497 2039 1652 2090 Ceph.;
1693 2037 1739 2090 2)
1778 2039 1921 2079 sintne
1943 2039 1990 2079 ln

352 2100 472 2140 libris
510 2102 786 2153 Anthologiae
823 2104 1039 2143 Palatinae
1069 2105 1324 2155 Cephalanis
1354 2105 1555 2156 vestigia,
1595 2116 1649 2143 ex
1675 2103 1835 2155 quibus
1861 2114 1993 2156 appu·

353 2169 442 2205 reat
469 2179 521 2205 ex
550 2167 675 2207 Anth.
705 2168 835 2218 Ceph.
864 2170 1171 2220 epigrammata
1200 2170 1410 2220 quaedam
1438 2181 1534 2209 esse
1560 2171 1715 2209 amota.

405 2232 468 2271 Ad
503 2231 714 2284 primam
756 2235 1061 2284 quaestionem.
1110 2236 1305 2275 Lectores
1333 2236 1555 2275 attendant
1584 2236 1711 2275 velim
1736 2234 1794 2276 ad
1819 2234 1989 2276 tItulum

352 2297 583 2348 duplicem,
626 2311 711 2348 quo
747 2302 947 2339 ornatum
986 2302 1051 2339 est
1087 2312 1152 2350 ep.
1187 2300 1308 2340 XIII.
1341 2301 1413 2341 28:
1456 2298 1810 2353 Καλλιμάχου
1835 2298 1904 2341 ἐπὶ
1929 2302 1992 2352 τῷ
2070 2335 2072 2340 .

353 2361 469 2414 αὐτῷ
515 2363 777 2416 τετραμέτρῳ
825 2363 901 2414 (sc.
950 2377 1060 2404 vers.
1108 2366 1264 2405 Archil.
1306 2366 1521 2418 asynart.)
1569 2363 1943 2417 ἑνδεκαούλλαβον.
1980 2364 1988 2412 Ι

357 2424 702 2479 Βακχυλίδου
750 2429 774 2481 ἢ
821 2427 1142 2481 Σιμωνίδου
1191 2429 1283 2481 <eni
1332 2431 1544 2481 Stadtm.>
1590 2434 1652 2484 τῷ
1692 2429 1811 2483 αὒῐῷ
1848 2442 1990 2482 τετρα-

352 2491 495 2544 μέτρῳ
532 2493 538 2543 Ι
572 2493 845 2546 τετράμετρον
874 2495 1025 2546 ὅμοιον
1054 2499 1115 2548 τῷ
1142 2496 1185 2536 εἴ
1203 2510 1278 2547 μοι
1307 2496 1466 2549 γένοιτο
1493 2510 1602 2549 παρ·
1626 2496 1635 2549 Ι
1658 2495 1787 2542 θένος
1811 2494 1922 2550 καλή
1947 2509 1993 2538 τε
2066 2539 2070 2541 ,

354 2555 422 2595 καὶ
461 2557 639 2608 τέρεινα,
676 2563 753 2612 μιᾷ
789 2558 835 2600 ὄὲ
862 2559 998 2611 μόνον
1026 2559 1214 2613 συλλαβῇ
1245 2560 1253 2613 Ι
1281 2561 1515 2609 πλεονάζον
1542 2561 1609 2602 ἐπὶ
1636 2559 1709 2602 τὸν
1734 2558 1991 2613 τετράποδα»

354 2620 433 2660 οὐκ
462 2621 543 2674 ἔχει
573 2623 727 2674 ἴαμβον
752 2624 757 2674 1
782 2623 871 2664 ἀλλ’
896 2624 1152 2666 ἀνάπαιστον
1181 2627 1215 2665 Β
1236 2626 1323 2676 14⁰).
1357 2627 1589 2677 Postquam
1612 2626 1773 2667 Jacobs
1799 2626 1990 2667 animad-
2049 2621 2072 2672 [2¹¹1

355 2687 479 2725 vertit
524 2688 706 2728 duorum
754 2691 1109 2741 epigrammatum
1156 2692 1425 2732 diversorum
1467 2693 1613 2732 titulos
1654 2692 1735 2732 hoc
1774 2691 1991 2732 continere

353 2751 505 2791 lemma
549 2753 964 2806 Callimacheumque
1005 2757 1268 2807 epigramma
1310 2758 1577 2797 intercidisse
1618 2757 1864 2808 suspicatus
1897 2758 1986 2809 est,

354 2816 520 2856 Hecker
559 2818 738 2868 (Comm.
772 2821 828 2859 11.
866 2821 958 2871 127)
998 2822 1243 2861 acutissime
1271 2824 1509 2874 perspexit,
1549 2823 1766 2873 quodnam
1795 2821 1992 2874 callimus
2068 2856 2071 2858 .

354 2880 503 2920 cheum
546 2894 610 2932 ep.
651 2883 693 2922 in
737 2885 878 2934 priore
918 2886 1041 2926 titulo
1084 2889 1388 2938 respiceretur,
1435 2900 1494 2928 sc.
1535 2900 1601 2938 ep.
1638 2888 1733 2927 VII.
1772 2886 1877 2937 728,
1919 2882 1989 2927 eu'i

399 3027 460 3063 ¹⁴⁰)
507 3029 617 3062 Verba
641 3040 702 3072 per
723 3033 930 3074 compendia
951 3035 1080 3076 scripta
1103 3035 1220 3068 soluta
1242 3041 1338 3068 sunt.
1363 3036 1492 3069 Notam
1513 3040 1677 3069 accurate
1699 3036 1785 3068 mihi
1806 3025 1991 3078 descripsit

354 3082 595 3124 Stadtrniiller,
616 3087 671 3119 cui
688 3088 793 3120 etiam
811 3089 919 3122 debeo
938 3091 1100 3124 notitiam
1116 3092 1159 3123 de
1177 3093 1463 3133 praecedentium
1482 3093 1780 3135 epigrammatum
1798 3091 1987 3125 lemmatis.
