2072 3568
939 229 1014 270 181
1642 232 1668 285 ἓ
1700 234 1789 274 101.

135 352 339 402 »mopylis
376 352 639 402 ceciderunt,
681 365 778 391 cum
815 355 955 392 tamen
994 356 1156 393 constet
1193 367 1244 393 ex
1279 356 1506 395 Plutarcho
1538 356 1583 408 (ξ
1613 357 1683 408 29)
1714 359 1793 397 hoc

66 413 81 447 {²
110 428 112 430 ’
158 428 222 468 ep.
250 417 502 467 inscriptum
531 418 666 456 fuisse
693 419 941 468 cenotaphio
971 419 1287 458 Corinthiorum
1316 421 1359 458 in
1389 433 1534 471 pugna
1563 422 1792 462 Salaminia

63 485 71 506 '2
157 482 406 522 occisorum.
456 482 550 527 Qua
579 494 625 521 re
656 482 932 522 Stadtmiiller
960 485 1224 534 corruptelae
1252 497 1376 524 cruce
1405 487 1566 525 notavit
1594 490 1633 526 et
1663 489 1792 527 huius

78 563 87 571 ’“
157 547 474 597 epigrammatis
501 548 653 586 lemma
682 550 722 587 et
749 548 1026 598 insequentis.
1062 550 1281 589 Praeterea
1302 552 1465 590 etiamsi
1485 553 1790 602 epigrammata

8 664 10 666 ‚
72 626 91 663 :4
158 611 256 652 VII.
280 613 490 652 250—253
518 614 662 652 omnia
691 614 912 653 referenda
942 615 1190 654 viderentur
1218 616 1271 654 ad
1300 618 1509 655 trecentos
1538 617 1631 656 illos
1663 618 1790 667 Spar-

10 668 11 671 *
61 671 83 708 ἔτ
156 677 303 727 tiatas,
341 678 493 717 lemma
522 690 587 728 ep.
611 677 710 717 VII.
739 679 814 726 251
848 681 958 718 recte
987 692 1032 718 se
1061 681 1216 719 habere
1245 693 1330 719 non
1360 684 1515 730 posset.
1563 683 1669 721 Nam
1699 685 1789 722 tum

8 752 12 760 ·
73 735 82 766 Γ
156 744 251 793 post
292 743 444 782 lemma
485 744 839 793 epigrammatum
884 744 962 783 248
1005 757 1098 794 sqq.
1141 748 1292 794 quater
1335 747 1595 796 repetitionis
1637 748 1789 787 lemma

156 807 212 852 εἰς
247 806 342 852 τοὺς
379 806 532 852 αὐτοὺς
568 809 870 858 expectaveris,
917 809 1040 854 Quod
1079 822 1227 849 revera
1266 811 1399 850 sensit
1437 812 1673 862 Planudes,
1716 813 1789 862 qui

7 858 11 925 ξ
60 902 79 914 .,
155 873 284 912 huius
325 874 643 924 epigrammatis
683 874 893 913 lemmatis
936 875 1065 914 verba
1103 873 1205 926 μετὰ
1244 874 1465 915 Λεωνίδου
1503 875 1705 921 πεσόντας
1743 880 1789 916 ut

71 935 90 989 fl
155 950 471 989 supervacanea
500 939 661 978 abiecit.
695 940 862 978 Horum
888 942 1030 979 autem
1054 941 1300 980 lemmatum
1327 942 1434 980 ratio
1458 942 1578 980 facile
1601 944 1789 992 expediri

3 1007 6 1011 ’
62 1010 77 1058 7:
154 1015 280 1055 posse
316 1004 484 1043 videtur
521 1005 734 1054 reputanti
769 1006 1031 1055 epigramma
1062 1005 1159 1045 VII.
1189 1006 1267 1045 250
1299 1006 1368 1057 (=
1401 1007 1502 1046 Sim.
1533 1007 1602 1057 97)
1633 1008 1789 1057 optime

55 1062 86 1120 ‘j
153 1069 356 1108 habuisse
396 1071 435 1108 et
477 1070 521 1108 in
567 1070 737 1120 Sylloge
781 1070 1022 1109 Simonidea
1065 1073 1106 1109 et
1143 1071 1185 1108 in
1228 1071 1393 1110 Corona
1432 1072 1665 1121 Meleagrea
1704 1073 1787 1121 epi—

153 1146 345 1185 gramma
387 1135 594 1185 alterum‚
640 1135 694 1174 ad
732 1135 846 1184 quod
884 1136 1080 1174 lemmate
1117 1135 1173 1179 εἰς
1211 1134 1306 1179 τοὺς
1343 1134 1496 1180 αὐτοὺς
1534 1136 1783 1186 referretur,

153 1211 211 1239 sc.
238 1200 499 1251 epigramma
529 1212 656 1238 suum
686 1201 910 1250 gemellum
939 1201 1012 1251 96,
1052 1201 1190 1251 quod,
1224 1213 1247 1239 a
1278 1201 1507 1240 Collectore
1535 1213 1586 1239 ex
1616 1201 1787 1251 Ephoro

8 1256 11 1259 ’
155 1263 224 1316 (Α)
268 1262 444 1316 petitum
463 1295 473 1315 ,
518 1266 561 1304 in
605 1266 832 1304 traditione
876 1265 904 1304 S
947 1277 972 1304 a
1016 1266 1227 1304 Favorino
1269 1267 1311 1304 in
1357 1266 1522 1306 Corona
1565 1267 1785 1305 inventum

63 1331 80 1371 ζ
118 1323 119 1326 “
154 1328 201 1382 (ἓ
231 1330 321 1382 53),
355 1342 451 1370 cum
481 1343 533 1370 ex
562 1332 790 1370 Plutarcho
819 1334 910 1370 tum
940 1343 991 1370 ex
1019 1332 1158 1381 lapide
1185 1332 1278 1381 ipso
1307 1344 1444 1381 nuper
1473 1334 1638 1381 reperto
1670 1332 1786 1371 Sala-

152 1395 264 1435 mine
309 1396 561 1446 inscriptum
609 1397 743 1435 fuisse
785 1398 951 1435 constat
992 1397 1035 1435 in
1078 1397 1172 1446 ipso
1214 1397 1530 1436 Corinthiorum
1575 1397 1781 1446 sepulcro.

65 1470 81 1511 ζ
152 1459 506 1501 Constituendum
548 1463 679 1512 igitur
722 1463 890 1501 videtur
930 1462 973 1500 in
1012 1462 1246 1512 Meleagrea
1286 1462 1451 1501 Corona
1490 1463 1783 1512 interpositum

62 1530 77 1582 {j
150 1525 285 1565 fuisse
311 1527 629 1577 epigrammatis
660 1525 758 1566 VII.
787 1527 865 1566 249
894 1528 1022 1576 atque
1051 1525 1149 1566 VII.
1174 1527 1252 1566 250
1276 1539 1340 1576 ep.
1367 1527 1681 1567 Corinthiacum
1708 1528 1780 1577 96,

150 1591 264 1640 quod
302 1594 448 1642 postea
485 1604 509 1631 a
546 1592 721 1631 librario
759 1592 944 1641 quodam
983 1592 1219 1642 neglectum
1259 1594 1392 1642 esset,
1435 1605 1530 1631 cum
1568 1594 1786 1632 consimile

75 1662 85 1704 g
150 1655 323 1696 haberet
342 1658 563 1696 exordium
584 1659 712 1707 atque
730 1669 795 1707 ep.
816 1657 1193 1707 Thermopylense‚
1222 1658 1336 1707 quod
1358 1670 1472 1696 nunc
1491 1659 1784 1708 epigrammati

64 1713 70 1755 Ῐ
151 1719 249 1761 VII.
286 1722 364 1762 250
400 1723 612 1773 praecedit
652 1722 734 1773 (ep.
763 1723 834 1762 96:
872 1720 910 1761 (ἶ)
939 1722 1056 1768 ξένε
1084 1721 1284 1773 εὔυδρον;
1323 1734 1388 1772 ep.
1417 1723 1468 1762 92
1498 1740 1549 1755 =
1579 1722 1676 1762 VII.
1706 1723 1783 1762 249

57 1802 77 1808 ·
150 1783 188 1826 ὦ
216 1786 342 1833 ξεῖν’
366 1786 590 1839 ἄγγειλον).
624 1788 730 1826 Tum
758 1790 868 1827 recte
891 1799 937 1826 se
957 1788 1139 1828 habebat
1158 1788 1311 1826 lemma
1333 1787 1390 1831 εἰς
1410 1786 1506 1831 τοὺς
1527 1786 1679 1832 αὐτοὺς
1699 1789 1783 1838 epi·

59 1883 83 1899 ,,
149 1853 397 1903 grammatis
425 1853 496 1904 97,
529 1875 582 1881 —-
610 1854 781 1892 minime
809 1865 905 1892 cum
935 1853 1251 1892 Wilamowitzio
1280 1865 1319 1902 p.
1348 1853 1424 1892 309
1455 1865 1496 1891 n.
1527 1853 1545 1891 1
1582 1853 1783 1903 ‘byzanti-

148 1917 316 1956 nisches
338 1918 631 1958 Geschreibsel
654 1919 766 1958 ohne
788 1919 882 1969 jede
903 1917 1097 1958 Gewahr’
1122 1918 1361 1957 vocandum
1387 1941 1459 1967 —,
1487 1918 1645 1967 quippe
1669 1919 1782 1967 quod

7 2023 9 2026 Α
148 1982 378 2022 referretur
405 1984 459 2023 ad
487 1985 652 2034 gemelli
679 1984 999 2035 epigrammatis
1028 1984 1181 2022 lemma
1198 2014 1208 2033 ,
1251 1983 1364 2032 quod
1395 1983 1604 2033 refingere
1633 1995 1781 2033 possu-

7 2053 10 2068 ³
64 2057 81 2095 2
148 2058 245 2087 mus
273 2049 353 2088 sic:
383 2048 440 2094 εἰς
462 2046 559 2094 τοὺς
578 2047 836 2100 Κορινθίους
860 2047 955 2093 τοὺς
979 2048 1023 2088 ἐν
1043 2051 1090 2100 τῇ
1111 2046 1318 2099 Σαλαμῖνι
1337 2046 1453 2100 μάχῃ
1475 2046 1780 2091 ἀποθανόντας.

147 2112 270 2152 Nunc
305 2125 476 2164 quoque
512 2115 831 2165 explicationem
870 2114 996 2153 habet
1032 2114 1184 2155 lemma
1218 2113 1535 2164 epigrammatis
1566 2113 1781 2162 sequentis

71 2169 78 2184 ⁸
149 2175 246 2217 VII.
270 2178 360 2219 251.
394 2180 518 2225 Quod
541 2192 639 2220 cum
663 2182 758 2230 post
780 2180 1049 2219 Corinthiaca
1067 2180 1153 2218 duo
1172 2179 1312 2218 denuo
1332 2179 1386 2217 ad
1406 2179 1780 2228 Thermopylensia

146 2243 450 2294 epigrammata
492 2245 570 2284 248
612 2256 675 2294 sq.
714 2244 981 2283 referendum
1019 2246 1152 2293 esset,
1199 2255 1316 2283 novo
1354 2244 1652 2282 instruendum
1691 2246 1780 2282 erat

70 2299 75 2339 Ᾰ
146 2307 341 2348 lemmate
366 2308 422 2353 εἰς
440 2307 536 2353 τοὺς
555 2307 657 2360 μετὰ
678 2307 900 2349 Λεωνίδου
919 2307 1140 2357 πεσόντας;
1171 2309 1478 2359 epigrammata
1495 2307 1593 2348 VII.
1614 2309 1690 2347 252
1712 2320 1774 2357 sq.

60 2364 79 2402 ῗ
146 2372 296 2413 deinde
324 2385 440 2413 mero
468 2375 663 2413 lemmate
691 2373 747 2418 εἰς
775 2372 870 2418 τοὺς
898 2372 1050 2418 αὐτοὺς
1079 2374 1236 2413 muniri
1265 2376 1471 2424 poterant.
1505 2374 1779 2424 Epigramma

146 2440 287 2478 autem
330 2439 648 2479 Corinthiacum
689 2439 740 2479 96
782 2442 1007 2490 postquam
1050 2439 1287 2489 intercidit,
1338 2440 1534 2478 lemmata
1578 2440 1779 2489 primaria

146 2503 310 2555 integra
347 2505 597 2555 manebant,
641 2505 722 2544 nisi
760 2505 875 2555 quod
913 2517 936 2544 a
974 2505 1148 2544 librario
1185 2505 1371 2554 quodam
1400 2505 1443 2542 in
1472 2504 1667 2543 lemmate
1695 2504 1778 2553 epi-

66 2603 75 2608 ,
146 2571 394 2620 grammatis
420 2569 518 2610 VII.
545 2571 623 2611 252
652 2574 748 2621 post
771 2570 828 2615 εἰς
851 2569 947 2615 τοὺς
971 2572 1178 2610 insertum
1203 2573 1266 2609 est
1291 2570 1544 2609 vocabulum
1573 2567 1774 2620 [αιῗντοὺς],

63 2645 89 2665 ,a
145 2635 259 2685 quod
297 2647 435 2686 neque
470 2635 514 2675 in
552 2636 842 2686 praecedentis
880 2648 1017 2686 neque
1054 2636 1097 2675 in
1128 2635 1395 2692 sequentium
1424 2635 1777 2685 epigrammatum

84 2690 97 2718 ⁷·
144 2699 353 2740 lemmatis
380 2701 612 2741 desiderari
641 2702 1010 2741 animadverterat.

199 2766 473 2817 Epigramma
509 2767 613 2806 illud
652 2779 737 2806 non
775 2769 871 2817 post
907 2767 1133 2817 Cephalam
1169 2767 1376 2806 excidisse
1404 2777 1499 2805 cum
1530 2777 1578 2804 eo
1607 2765 1777 2803 demon-

6 2879 7 2882 *
60 2831 93 2883 ἦ
145 2831 325 2881 stratur,
366 2831 482 2881 quod
519 2832 732 2871 Planudes
765 2832 807 2871 id
837 2844 922 2871 non
951 2832 1103 2882 legisse
1133 2832 1318 2881 videtur,
1360 2833 1450 2869 tum
1479 2842 1548 2880 eo,
1591 2830 1704 2879 quod
1735 2830 1776 2867 in

0 2939 1 2942 Ἴ
58 2892 78 2935 ’.
145 2894 349 2935 decadum
378 2898 690 2947 computatione
718 2898 883 2936 nullum
912 2909 976 2947 ep.
1007 2897 1243 2947 neglectum
1273 2898 1348 2935 est.
1396 2896 1541 2944 Neque
1569 2895 1776 2944 epigram-

0 2962 1 2977 ³
63 2967 79 2994 2-
145 2960 269 2999 matis
288 2961 462 3001 omissio
477 2962 686 3012 Cephalae
705 2963 785 3013 ipsi
805 2962 1054 3012 imputanda
1074 2965 1156 3010 est;
1178 2962 1251 3011 qui
1272 2961 1306 2999 si
1328 2960 1521 2999 consulto
1537 2959 1577 2997 id
1595 2962 1776 3009 praeter-

145 3025 395 3065 mittendum
437 3027 650 3078 duxisset,
696 3028 989 3078 epigrammati
1030 3027 1205 3077 gemello
1244 3025 1340 3065 VII.
1380 3026 1457 3064 250
1496 3025 1567 3063 uni
1608 3026 1776 3063 servato

63 3113 77 3134 z
145 3088 257 3130 illius
284 3091 436 3131 lemma
464 3092 744 3143 ascripsisset.
788 3093 921 3132 Error
949 3092 1079 3142 igitur
1108 3094 1171 3131 est
1200 3091 1378 3130 alicuius
1409 3090 1599 3129 Coronae
1628 3089 1775 3127 Melea-
