2072 3568
358 255 459 306 Cap.
494 254 527 294 1.
554 263 557 265 ’
1164 255 1186 294 4

356 391 451 419 cum
482 379 604 419 tertio
632 379 937 430 epigrammate
965 378 1254 430 coniungitur.
1288 378 1423 419 Tanta
1444 380 1586 419 autem
1607 378 1722 431 apud
1743 379 1993 432 scripturn,

355 446 427 495 qui
469 444 710 484 Simoniden
749 444 1055 495 epigrammata
1090 444 1288 494 laudant,
1329 444 1371 483 in
1405 446 1551 495 poetae
1579 444 1751 485 nomine
1776 444 1999 502 adiciendo

355 514 427 550 aut
455 510 687 550 omittendo
714 510 899 549 occurrit
928 510 1236 559 inconstantia,
1270 513 1315 549 ut
1343 509 1480 550 bonae
1502 510 1700 550 fortunae
1719 510 1995 552 tribuendum

357 576 571 625 videatur,
625 574 739 625 quod
788 575 829 614 in
880 575 957 613 hoc
1005 575 1121 624 loeo,
1174 586 1301 625 quem
1352 575 1690 615 vetustissimum
1736 586 1833 616 eoae
1877 576 1992 627 dlxl,

353 642 527 680 omnino
549 640 780 680 Simonidis
802 652 953 679 nomen
976 640 1143 689 legitur.
1178 640 1343 679 Etenim
1365 640 1721 691 epigrammatum
1743 640 1855 693 (188,
1882 640 1992 693 111),

354 719 464 757 quae
505 706 618 757 apud
660 718 756 745 eum
801 706 1103 755 inveniuntur,
1148 706 1221 755 qui
1265 717 1316 744 ex
1359 705 1542 745 testibus
1581 706 1741 746 nostris
1779 706 1996 748 Herodoto

354 775 489 812 aetate
527 771 748 822 proximus
785 774 871 821 est,
914 771 1204 821 Thucydidem
1246 771 1299 822 (1.
1337 771 1434 820 182,
1468 771 1538 810 vl.
1571 770 1641 821 59)
1678 771 1795 822 dico,
1835 772 1916 813 hoc
1941 784 1995 813 ex

354 837 588 877 Aristotelis
619 836 758 886 (Rhet.
790 836 822 875 1.
851 836 888 876 9.
914 837 1000 886 31),
1034 837 1135 876 illud
1161 849 1213 875 ex
1238 837 1516 886 Anthologiae
1541 836 1758 877 Palatinae
1781 837 1872 889 (vl.
1898 836 1993 889 197)

353 904 601 943 auctoritate
629 903 739 942 inter
770 902 1011 941 Simonides
1042 906 1105 941 est
1137 904 1365 952 receptum.

408 970 524 1008 Inter
562 968 678 1007 viros
715 960 862 1007 doctos
899 968 1092 1017 quaestio
1129 970 1193 1006 est
1230 970 1529 1017 controversa,
1576 979 1688 1018 quae
1725 967 1996 1009 necessitudo

353 1035 461 1073 inter
510 1033 770 1073 Simonidem
818 1035 947 1083 atque
993 1033 1072 1072 tria
1123 1033 1192 1072 illa
1240 1033 1549 1083 epigrammata
1595 1036 1743 1073 extare
1781 1033 1990 1075 videntur.

355 1101 512 1139 Eorum
552 1099 778 1138 Herodotei
817 1098 893 1137 loci
932 1099 1236 1149 explicationes
1267 1098 1496 1138 recensebo
1524 1101 1654 1148 atque
1679 1101 1859 1139 eatenu-
1885 1098 2004 1151 dun·-

351 1165 522 1214 dicabo,
555 1167 769 1214 quatenus
793 1164 909 1214 ipsae
934 1164 1057 1203 novis
1083 1164 1410 1203 difficultatibus
1430 1164 1569 1203 locum
1589 1164 1693 1204 dare
1714 1164 1832 1204 visae
1847 1166 1989 1224 erupt.

407 1230 432 1280 ἕ
463 1230 500 1269 3.
571 1228 782 1269 Virorum
813 1228 1054 1268 ‹loc-torma
1085 1228 1420 1281 explicationes.
1481 1240 1524 1268 a.
1586 1229 1764 1280 Bergk
1800 1229 1861 1281 (p.
1891 1228 1991 1280 487)

352 1296 487 1334 locum
531 1294 800 1334 librariorum
845 1294 1136 1334 additamento
1178 1295 1449 1345 inquinatum
1492 1306 1588 1333 esse
1630 1297 1753 1345 putat
1789 1306 1849 1335 ac.
1891 1306 1995 1335 voce

351 1360 617 1412 ἐπίγραμμα,
658 1371 769 1410 quae
805 1363 869 1399 est
907 1361 949 1399 in
989 1360 1329 1399 sententiuncula
1358 1359 1444 1406 ἔξω
1474 1359 1499 1412 ἢ
1530 1358 1575 1398 τὸ
1604 1362 1678 1399 τοῦ
1704 1357 1879 1412 μάντιος
1903 1358 1991 1401 ent·
2068 1388 2072 1391 <

353 1438 546 1479 γριιμμιις
588 1428 682 1476 post
721 1426 822 1464 illud
861 1424 907 1464 τὸ
947 1427 1020 1465 τοῦ
1057 1424 1229 1477 μάντιος
1262 1429 1302 1465 et
1332 1428 1428 1476 post
1456 1426 1661 1476 alterum,
1702 1426 1819 1477 quod
1847 1426 1990 1467 statim

351 1492 566 1542 sequitur,
617 1493 756 1530 mente
802 1491 1088 1541 supplendum
1137 1491 1294 1530 iudicat
1341 1491 1661 1531 substantivum
1709 1493 1855 1544 σῆμα,
1903 1502 1993 1543 quo

351 1557 594 1608 ἐπίγραμμα
637 1560 677 1595 et
719 1555 844 1608 στήλη
887 1556 1373 1606 comprehenderentur,
1419 1557 1646 1607 locumque
1687 1557 1748 1596 sic
1785 1556 1992 1608 interpre-

350 1622 548 1662 tandum:
588 1622 918 1672 Amphictyones
955 1633 1050 1660 esse
1086 1624 1282 1661 auctores
1320 1624 1695 1662 monumentorum
1730 1621 1992 1673 Pdoponue-

350 1689 510 1726 siorum
526 1687 562 1736 2)
587 1690 628 1726 et
651 1687 988 1737 Spartiatarum,
1017 1689 1280 1726 monumenti
1306 1689 1447 1727 autem
1471 1687 1689 1738 Megistiae
1711 1686 1986 1728 Simonidem.

404 1753 520 1791 Haec
566 1753 856 1802 interpretatio
904 1753 967 1791 vel
1015 1753 1171 1791 idcireo
1217 1753 1355 1792 iustae
1394 1753 1578 1792 obnoxia
1620 1755 1686 1792 est
1726 1753 1986 1804 suspicioni,

350 1818 462 1868 quod
496 1830 575 1856 v.c.
610 1829 687 1867 pro
716 1820 830 1856 certo
859 1817 985 1856 habet
1013 1818 1151 1856 locum
1183 1818 1506 1868 pessumdatum
1534 1829 1630 1857 esse
1650 1818 1986 1870 interpolatione.

350 1883 475 1932 Atqui
506 1895 558 1922 ne
587 1883 646 1921 sic
675 1883 845 1932 quidem
876 1883 1107 1931 sententia,
1148 1894 1279 1933 quam
1307 1883 1578 1933 adipiscitur,
1621 1886 1732 1923 recte
1758 1895 1807 1923 ae
1833 1882 1992 1924 babere

351 1948 530 1987 videtur.
579 1948 822 1987 Herodotus
859 1948 994 1997 enim,
1043 1949 1078 1986 si
1116 1960 1232 1997 eam,
1278 1960 1408 1998 quam
1449 1948 1590 1999 Bergk
1628 1960 1726 1988 eum
1764 1948 1991 2000 scripsi-se

350 2016 492 2064 putat,
534 2013 785 2053 sententiam
825 2014 1029 2053 voluisset
1066 2014 1257 2053 omnium
1297 2014 1679 2064 simplicissimam,
1718 2017 1762 2054 et
1787 2013 1989 2056 sentenu·
2067 2003 2072 2031 3

350 2080 503 2118 uncula
547 2079 816 2129 interposita,
863 2091 948 2129 qua
990 2079 1231 2119 continetur
1271 2080 1461 2130 exceptio
1506 2078 1610 2129 (ἔξω
1653 2079 1678 2132 ἢ
1720 2077 1855 2131 κτλ),
1899 2081 1990 2121 tou
2058 2109 2072 2126 ,ἶ

348 2157 492 2184 carere
528 2147 568 2183 et
596 2145 902 2195 epigrammata
931 2147 1060 2195 atque
1088 2145 1196 2195 pilas
1224 2145 1798 2196 distinguere-supersedere
1823 2145 1984 2196 potuit,
2069 2188 2072 2189 γ

349 2210 588 2249 sufficiebat
616 2210 728 2249 enim
757 2210 961 2249 scribere:
991 2209 1037 2249 τὸ
1065 2209 1144 2261 μὲν
1172 2213 1287 2263 σῆμα
1317 2212 1401 2250 τῶν
1432 2208 1487 2250 Π.
1519 2209 1590 2250 καὶ
1619 2212 1704 2251 τῶν
1730 2208 1784 2251 Σ.
1811 2209 1990 2265 &unm
2055 2217 2072 2257 ἶ·-

348 2274 388 2314 υἷ
410 2274 553 2327 Ἀμιμ,
584 2273 628 2314 τὸ
655 2274 700 2314 ὁὲ
723 2277 795 2313 τοῦ
819 2274 993 2326 μάντιος
1015 2273 1275 2328 Σιμωνίδης.
1309 2277 1591 2316 Accusativus
1614 2279 1711 2327 post
1734 2275 1986 2318 adverbium
2061 2281 2072 2309 ³3

347 2339 432 2385 ἔξω
462 2339 510 2391 ἤ,
542 2352 668 2390 quem
698 2341 803 2379 alios
830 2341 1064 2380 offendisse
1094 2341 1355 2392 videbimus,
1390 2342 1575 2393 Bergkio
1602 2342 1856 2393 scrupulum
1883 2342 1987 2383 inie-

347 2406 456 2444 cisse
485 2417 568 2444 non
600 2405 781 2445 videtur.

403 2471 662 2510 Simonidem
691 2472 882 2510 omnium
907 2473 1036 2511 trium
1061 2473 1418 2523 epigrammatum
1441 2484 1536 2512 esse
1559 2475 1776 2513 auctorem
1802 2472 1987 2525 Bergkio

347 2537 612 2587 exploratum
641 2540 718 2575 est,
755 2536 868 2575 Sane
897 2549 977 2576 v.c.
1010 2537 1200 2577 concedit
1233 2537 1513 2577 ‘Herodotum
1546 2538 1808 2579 Simonidem
1834 2548 1986 2579 mouu-

349 2602 475 2640 menti
502 2604 739 2651 auctorem,
774 2614 856 2640 non
879 2602 1001 2652 elogii
1025 2603 1273 2653 scriptorem
1296 2602 1465 2642 dicere'.
1499 2604 1549 2642 At
1576 2602 1788 2654 ‘poetam',
1818 2603 1981 2656 inquit,

351 2667 436 2716 ‘qui
477 2667 640 2716 primus
677 2667 755 2705 hoc
794 2667 933 2716 poesis
970 2679 1108 2717 genus
1147 2668 1485 2718 praeclarissime
1516 2669 1770 2720 illustravit,
1810 2668 1986 2720 quando

347 2731 468 2770 amici
511 2731 722 2770 tumulum
765 2732 979 2782 epitaphio
1018 2733 1214 2781 decorat,
1262 2745 1345 2772 non
1384 2734 1520 2773 aliena
1557 2744 1686 2784 opera
1724 2745 1855 2775 usum
1889 2744 1986 2775 moe
2057 2739 2060 2740 ⁷

346 2799 677 2835 consentaneum
702 2795 796 2835 est'.
831 2797 1159 2847 Amphictyones
1182 2801 1323 2838 autem
1353 2799 1593 2849 ‘gratificati
1619 2802 1722 2839 sunt
1748 2798 1981 2851 Simonidi,
2053 2821 2056 2822 ⁷

346 2862 418 2911 qui
457 2873 554 2901 cum
593 2862 948 2911 Amphictyonum
983 2866 1134 2913 rogatu
1164 2863 1331 2913 publica
1361 2868 1636 2904 monumenta
1666 2865 1865 2905 versibus
1890 2864 1984 2924 suia
2040 2891 2044 2897 ‚

388 3015 419 3051 ²)
465 3017 819 3059 ‘Peloponnesiorum'
860 3019 1077 3060 epigramma
1115 3029 1167 3061 ep.
1202 3018 1241 3051 91
1281 3020 1487 3061 nominab03
1529 3029 1750 3062 quamquam
1787 3029 1856 3052 non
1889 3020 1984 3053 solos

348 3073 632 3114 Peloponnesios,
664 3075 724 3116 qui
752 3075 960 3114 laudantur,
994 3080 1150 3117 spectare
1174 3084 1316 3108 cai-rnen
1343 3075 1539 3108 Herodotus
1564 3078 1638 3118 ipse
1661 3076 1803 3109 indicat.
1838 3075 1917 3114 Qun
1937 3073 1983 3108 'tle
2050 3107 2051 3110 ,

349 3140 384 3161 η-
411 3130 475 3162 vm.
500 3129 536 3169 ἐξ
565 3129 619 3170 1—2,
645 3130 706 3172 14,
733 3130 785 3163 τε.
