2072 3568
332 251 432 303 cap.
466 249 556 303 111,
590 250 653 294 32.
1108 250 1187 296 212

332 378 488 418 Eadem
514 379 833 429 epigrammatis
858 378 958 419 sede
978 379 1216 420 Mnasalcae
1236 380 1425 423 servavit
1446 380 1623 424 verbum
1644 378 1964 439 ἅμφεβάλοηο,

329 445 451 483 cuius
488 444 658 494 quidem
696 444 906 485 obiectum
943 445 1072 497 νέφος
1102 447 1282 486 mutavit
1310 447 1352 487 in
1382 446 1519 499 κόνιν,
1560 450 1675 500 quod
1704 450 1797 491 coll.
1825 451 1963 494 ssuaa.

331 510 399 548 VI.
450 510 565 559 128,4
611 522 695 549 non
741 511 960 550 miramur.
1023 512 1100 551 Cui
1143 512 1416 553 substantivo
1458 514 1710 566 languidum
1750 515 1966 568 epitheton

329 573 562 626 (δνοφεράν,
603 575 775 625 opinor,
819 587 1055 625 numquam
1094 577 1337 627 tribuisset,
1380 579 1462 618 nisi
1491 579 1534 619 in
1567 580 1812 622 Simoniden
1836 581 1968 636 νέφος

327 642 437 678 esset
475 638 666 679 κυάνεον.
711 640 868 680 Locum
907 641 960 680 de
996 642 1153 681 virtute
1180 642 1495 692 quodammodo
1525 646 1719 687 variavit.
1763 646 1968 689 Adhibuit

329 704 505 743 verbum
549 705 591 744 in
637 705 892 745 Simonideis
934 706 1122 746 solemne
1158 705 1336 758 ῥύεσθαι
1377 708 1478 760 (e.g.
1511 710 1606 749 vll.
1642 710 1800 764 250,2).
1847 712 1966 754 Poet-

326 781 455 819 quam
494 770 535 810 in
577 772 774 811 versibus
810 772 1026 822 prioribus
1058 772 1350 813 Simonideum
1380 775 1556 815 tumidis
1585 776 1767 818 reddidit
1792 777 1966 819 locutio-

327 836 476 886 nibus,
520 848 674 876 novam
711 837 861 876 adiecit
899 838 1152 878 sententiam
1191 836 1295 879 ἀλλά
1333 854 1390 884 τις
1426 838 1566 880 ἀστῶν
1597 839 1705 893 κτλ,
1746 854 1833 894 qua
1859 843 1964 886 mad

325 915 389 953 ep.
440 905 567 942 caret.
627 902 721 948 Qua
770 903 1010 943 Mnasalcas
1056 904 1394 945 demonstrativo
1439 907 1735 958 epigrammati
1781 909 1965 960 speeiem

325 968 613 1018 inscriptionis
641 969 853 1019 genuinae
881 970 1085 1019 praebere
1114 971 1269 1021 voluit,
1301 983 1431 1022 quam
1461 972 1544 1013 iam
1574 973 1849 1016 affectaverat
1875 985 1963 1017 aer·

325 1036 423 1073 vato
459 1046 511 1073 ex
548 1034 727 1084 exempli
766 1035 939 1074 exordio
977 1037 1228 1085 pronomine
1260 1035 1358 1077 οἵδε..
1403 1038 1546 1078 Huius
1574 1039 1809 1081 sententiae
1834 1039 1964 1092 parti-

323 1099 442 1138 culas
489 1100 759 1150 suggessisse
804 1100 839 1140 ei
884 1100 1083 1140 videntur
1125 1102 1211 1141 duo
1252 1102 1334 1141 alia
1376 1115 1471 1154 epp.
1515 1103 1785 1145 Simoniden:
1832 1104 1963 1147 verb·

323 1162 524 1216 θνᾴσκειν
561 1163 694 1205 τλάτω
734 1164 840 1217 ὑπὲρ
874 1164 1075 1217 πατρίδος
1103 1170 1275 1217 sumpta
1305 1171 1407 1208 sunt
1435 1180 1487 1207 ex
1514 1180 1580 1220 ep.
1611 1169 1688 1210 100
1716 1169 1850 1221 (quod
1876 1171 1963 1223 epl-

323 1230 572 1279 grammatis
613 1230 665 1270 99
707 1234 771 1270 est
812 1232 1060 1282 gemellum,
1107 1244 1239 1283 supra
1285 1231 1310 1284 ξ
1358 1234 1432 1273 123
1472 1233 1751 1287 exhibitum),
1793 1236 1840 1276 in
1874 1247 1964 1288 quo
2024 1279 2026 1281 ,
2068 1212 2072 1219 ἦ

323 1295 430 1334 redit
466 1295 585 1335 locus
622 1296 675 1335 de
713 1297 869 1335 virtute
903 1294 1011 1336 εἰτὸ
1039 1295 1183 1342 καλῶς
1210 1296 1474 1351 θνῄσκειν
1501 1298 1696 1354 ἀρετῆς
1719 1300 1855 1354 μέρος
1879 1299 1963 1343 ἐστὶ

320 1359 532 1411 μέγιστον,
575 1359 743 1401 civium
781 1362 1033 1402 allocutione
1068 1364 1162 1403 ideo
1198 1376 1295 1404 eum
1335 1377 1463 1405 usum
1501 1377 1596 1406 esse
1632 1367 1873 1419 putaveris,
1913 1370 1963 1409 111

321 1437 491 1465 carmen
527 1427 857 1477 cenotaphio
885 1428 1144 1468 destinatum
1176 1429 1409 1480 videretur,
1448 1442 1545 1470 cum
1574 1431 1616 1471 iu
1646 1432 1865 1483 praeclaro
1889 1443 1957 1484 ep.

321 1490 670 1542 Thermopylensi
695 1492 746 1531 92
771 1504 984 1544 peregre
1011 1494 1166 1534 occisi
1187 1494 1491 1546 per-cyrinum
1517 1493 1576 1547 (ὦ
1598 1496 1715 1544 ξεῖν’
1730 1495 1960 1550 ἀγγέλλειν)

321 1558 498 1595 mortem
531 1556 730 1607 Spartam
760 1558 960 1598 nuntiare
988 1558 1175 1599 iubeant.

377 1621 446 1661 Sic
491 1634 542 1661 ex
589 1622 786 1662 frustulis
832 1624 1133 1674 memoriisque
1178 1626 1534 1676 epigrammatum
1584 1627 1955 1680 simoniacorum,

320 1686 527 1736 imprimis
564 1699 629 1738 ep.
669 1688 741 1738 99,
783 1689 937 1728 deinde
973 1701 1068 1740 epp.
1107 1690 1158 1730 92
1195 1697 1235 1730 et
1275 1690 1351 1731 100
1385 1693 1667 1743 compositum
1693 1695 1760 1734 est
1785 1705 1958 1735 carmen

320 1752 516 1791 inflatum
526 1765 536 1802 ;
573 1755 619 1792 ut
648 1754 939 1794 Theodoridae
967 1755 1252 1796 incriminatio
1281 1769 1366 1797 non
1396 1758 1555 1798 iniusta
1583 1758 1719 1799 fuisse
1744 1759 1954 1800 videatur.

321 1818 494 1856 Fontem
533 1818 775 1858 Mnasalcae
812 1819 946 1859 fuisse
986 1819 1186 1871 Syllogen
1228 1821 1516 1863 Simonideam
1548 1845 1601 1852 —-
1628 1824 1673 1864 in
1700 1835 1788 1875 qua
1813 1824 1958 1865 omniu

318 1882 398 1921 tria
427 1894 520 1932 epp.
547 1883 620 1933 99,
653 1884 726 1934 92,
763 1884 839 1924 100
866 1885 1046 1925 affuisse
1073 1889 1239 1926 constat
1270 1910 1319 1914 —
1348 1888 1431 1927 iam
1461 1900 1537 1939 per
1560 1900 1608 1929 se
1630 1889 1851 1940 probabile
1870 1891 1956 1938 eet3

318 1948 358 1986 id
397 1950 543 1998 postea
584 1948 630 2001 (ξ
673 1950 766 2000 128)
805 1962 856 1990 eo
892 1952 1244 1992 confirmabimus
1262 1983 1273 2002 ,
1318 1954 1433 2003 quod
1471 1954 1712 1995 Mnasalcae
1747 1965 1857 1995 usus
1890 1956 1958 1996 est

317 2015 434 2052 textu
467 2013 510 2053 S.

370 2079 493 2118 Nunc
530 2092 701 2130 quoque
733 2081 868 2120 elucet
899 2080 1252 2122 Stadtmiillerum
1280 2083 1436 2123 iniuria
1465 2095 1544 2134 pro
1571 2084 1726 2125 ficticio
1753 2084 1958 2126 babuisse

316 2146 468 2184 lemma
506 2146 825 2196 epigrammatis
864 2147 1093 2187 Mnasalcei
1132 2146 1242 2198 (VII.
1281 2148 1401 2199 242),
1442 2150 1543 2199 quia
1577 2150 1622 2189 in
1655 2149 1810 2190 lacuna
1837 2149 1894 2190 ab
1920 2150 1956 2190 A

317 2212 411 2260 post
457 2210 514 2254 εἰς
560 2211 702 2250 relicta
750 2212 944 2262 suppleta
992 2216 1094 2252 sunt
1135 2224 1160 2252 a
1204 2213 1238 2252 L
1280 2214 1410 2253 verba
1451 2212 1548 2259 τοὺς
1587 2212 1692 2266 μετὰ
1732 2212 1955 2256 Λεωνίόου

315 2273 630 2328 τελευτήσαντας
668 2275 712 2316 ἒν
746 2274 1054 2328 Θερμοπύλαις.
1097 2278 1263 2318 Etenim
1294 2280 1434 2320 scriba
1463 2281 1497 2319 A
1525 2291 1686 2320 munus
1713 2279 1954 2321 ascribendi

315 2341 510 2381 lemmata
548 2344 676 2391 atque
712 2344 936 2382 auctorum
969 2343 1114 2383 titulos
1142 2344 1427 2394 dereliquerat
1454 2345 1553 2384 inde
1580 2345 1635 2386 ab
1662 2344 1954 2396 ep.VI1.156

317 2405 425 2456 (cod.
459 2418 556 2458 pag.
589 2406 686 2458 229)
717 2408 846 2458 idque
874 2409 917 2448 in
947 2421 1044 2460 pag.
1077 2410 1168 2449 cod.
1202 2410 1280 2449 243
1309 2411 1451 2450 denuo
1479 2411 1698 2461 suscipere
1723 2410 1760 2450 effi
1787 2412 1880 2451 erat
1907 2409 1974 2450 iu'

315 2471 469 2510 animo.
501 2473 703 2523 Appinxit
728 2474 858 2524 igitur
879 2475 1052 2514 nomina
1078 2479 1299 2526 poetarum
1320 2476 1522 2515 omnibus
1543 2476 1725 2527 paginae
1742 2475 1952 2527 epigram-

316 2537 440 2575 matis
472 2537 584 2587 (VII.
609 2538 854 2589 238-244),
887 2540 1085 2579 lemmata
1114 2543 1256 2580 autem
1285 2542 1452 2580 tantum
1481 2543 1686 2591 quattuor
1712 2539 1948 2591 prioribus,

313 2605 405 2640 tum
443 2614 539 2641 eum
577 2605 718 2654 operis
757 2606 963 2655 resumpti
1001 2606 1143 2645 denuo
1180 2606 1338 2657 piguit,
1383 2618 1471 2656 quo
1508 2607 1691 2656 factum,
1736 2608 1785 2646 111
1819 2605 1951 2646 trium

313 2667 668 2717 epigrammatum
709 2669 957 2720 (242—244)
997 2671 1218 2721 lemmata,
1259 2683 1444 2721 quorum
1482 2674 1649 2712 tantum
1687 2671 1860 2711 exordia
1893 2669 1964 2716 eff

313 2732 503 2771 omnium
547 2735 787 2773 communia
830 2738 1110 2785 apposuerat,
1157 2736 1436 2775 lemmatistae
1477 2748 1633 2776 manus
1675 2735 1950 2787 suppleturus

312 2799 533 2846 expectare
573 2798 788 2838 deberent.
834 2800 958 2839 Nulla
1001 2803 1141 2840 autem
1184 2803 1248 2840 est
1290 2812 1447 2851 causa,
1493 2813 1571 2840 cur
1608 2801 1723 2841 hunc
1764 2800 1949 2840 scribam

313 2861 476 2901 ficticiis
513 2863 722 2903 lemmatis
755 2867 795 2904 et
824 2866 1065 2905 Mnasalcae
1092 2877 1158 2916 ep.
1190 2868 1231 2905 et
1260 2867 1480 2916 sequentia
1508 2866 1587 2906 243
1615 2877 1680 2916 sq.
1713 2865 1951 2916 munivisse

313 2929 533 2977 putemus,
573 2930 821 2978 praesertim
857 2943 954 2970 cum
989 2942 1054 2981 ep.
1088 2932 1376 2970 Mnasalceum
1411 2943 1559 2970 revera
1588 2930 1965 2981 Thermopylarum·

311 3003 405 3030 esse
443 2993 675 3033 viderimus
712 2997 752 3033 et
788 3007 853 3045 ep.
886 2996 964 3035 243
1003 2996 1121 3035 Lollii
1157 2996 1303 3046 Bassi,
1345 2996 1460 3045 quod
1487 2996 1678 3035 eiusdem
1706 2994 1949 3046 argumenti

311 3056 467 3104 gaudet
497 3058 712 3108 lemmate,
745 3072 906 3099 meram
934 3061 1150 3100 continere
1174 3061 1369 3100 videatur
1393 3060 1652 3100 celeberrimi
1675 3072 1741 3110 ep.
1767 3059 1871 3099 Sim.
1893 3059 1947 3100 92

310 3122 635 3161 enarrationem.
688 3124 1020 3174 Epigrammatis
1050 3126 1276 3165 Mnasalcei
1306 3126 1458 3164 lemma
1486 3137 1535 3164 ea
1564 3128 1700 3164 aetate
1726 3125 1945 3165 conditum
