<?xml version="1.0" encoding="UTF-8"?>
<!DOCTYPE html PUBLIC "-//W3C//DTD XHTML 1.0 Transitional//EN"
    "http://www.w3.org/TR/xhtml1/DTD/xhtml1-transitional.dtd">
<html xmlns="http://www.w3.org/1999/xhtml" xml:lang="en" lang="en">
 <head>
  <title>
</title>
<meta http-equiv="Content-Type" content="text/html;charset=utf-8" />
  <meta name='ocr-system' content='tesseract 3.04.00' />
  <meta name='ocr-capabilities' content='ocr_page ocr_carea ocr_par ocr_line ocrx_word'/>
</head>
<body>
  <div class='ocr_page' id='page_1' title='image "./deepigrammatasim00boasuoft_0265.png"; bbox 0 0 2072 3496; ppageno 0'>
   <div class='ocr_carea' id='block_1_1' title="bbox 0 0 79 3496">
    <p class='ocr_par' dir='ltr' id='par_1_1' title="bbox 0 0 79 3496">
     <span class='ocr_line' id='line_1_1' title="bbox 0 0 79 3496; baseline 0 0"><span class='ocrx_word' id='word_1_1' title='bbox 0 0 79 3496; x_wconf 95' lang='lat' dir='ltr'> </span> 
     </span>
    </p>
   </div>
   <div class='ocr_carea' id='block_1_2' title="bbox 936 236 1785 291">
    <p class='ocr_par' dir='ltr' id='par_1_2' title="bbox 936 236 1785 291">
     <span class='ocr_line' id='line_1_2' title="bbox 936 236 1785 291; baseline -0.002 -11"><span class='ocrx_word' id='word_1_2' title='bbox 936 239 1013 281; x_wconf 80' lang='lat'>243</span> <span class='ocrx_word' id='word_1_3' title='bbox 1504 237 1530 291; x_wconf 70' lang='lat' dir='ltr'>g</span> <span class='ocrx_word' id='word_1_4' title='bbox 1563 236 1785 279; x_wconf 79' lang='lat'>139—141.</span> 
     </span>
    </p>
   </div>
   <div class='ocr_carea' id='block_1_3' title="bbox 155 362 1810 3204">
    <p class='ocr_par' dir='ltr' id='par_1_3' title="bbox 155 362 1791 538">
     <span class='ocr_line' id='line_1_3' title="bbox 209 362 1786 421; baseline -0.003 -13"><span class='ocrx_word' id='word_1_5' title='bbox 209 366 235 421; x_wconf 64' lang='grc' dir='ltr'>ξ</span> <span class='ocrx_word' id='word_1_6' title='bbox 267 368 356 408; x_wconf 91' lang='grc'>141.</span> <span class='ocrx_word' id='word_1_7' title='bbox 418 365 486 407; x_wconf 85' lang='lat' dir='ltr'>De</span> <span class='ocrx_word' id='word_1_8' title='bbox 515 365 708 406; x_wconf 65' lang='lat' dir='ltr'>testibus</span> <span class='ocrx_word' id='word_1_9' title='bbox 737 364 1002 417; x_wconf 75' lang='lat' dir='ltr'><em>duplicibus</em></span> <span class='ocrx_word' id='word_1_10' title='bbox 1028 376 1123 405; x_wconf 75' lang='lat' dir='ltr'>non</span> <span class='ocrx_word' id='word_1_11' title='bbox 1151 364 1215 404; x_wconf 84' lang='lat' dir='ltr'>ad</span> <span class='ocrx_word' id='word_1_12' title='bbox 1241 363 1360 420; x_wconf 69' lang='lat' dir='ltr'>trad.</span> <span class='ocrx_word' id='word_1_13' title='bbox 1386 362 1786 415; x_wconf 75' lang='lat' dir='ltr'>Spertinentibus.</span> 
     </span>
     <span class='ocr_line' id='line_1_4' title="bbox 155 430 1791 483; baseline -0.004 -9"><span class='ocrx_word' id='word_1_14' title='bbox 155 435 271 474; x_wconf 86' lang='lat' dir='ltr'>Haec</span> <span class='ocrx_word' id='word_1_15' title='bbox 297 446 392 483; x_wconf 87' lang='lat' dir='ltr'><strong>epp.</strong></span> <span class='ocrx_word' id='word_1_16' title='bbox 425 434 468 471; x_wconf 91' lang='lat' dir='ltr'>in</span> <span class='ocrx_word' id='word_1_17' title='bbox 497 432 667 471; x_wconf 88' lang='lat' dir='ltr'>duabus</span> <span class='ocrx_word' id='word_1_18' title='bbox 695 432 996 470; x_wconf 83' lang='lat' dir='ltr'>traditionibus</span> <span class='ocrx_word' id='word_1_19' title='bbox 1027 432 1128 469; x_wconf 88' lang='lat' dir='ltr'>sunt</span> <span class='ocrx_word' id='word_1_20' title='bbox 1158 432 1351 479; x_wconf 87' lang='lat' dir='ltr'>servata,</span> <span class='ocrx_word' id='word_1_21' title='bbox 1383 430 1493 468; x_wconf 90' lang='lat' dir='ltr'>inter</span> <span class='ocrx_word' id='word_1_22' title='bbox 1518 441 1627 478; x_wconf 88' lang='lat' dir='ltr'>quas</span> <span class='ocrx_word' id='word_1_23' title='bbox 1649 431 1791 468; x_wconf 87' lang='lat' dir='ltr'>tamen</span> 
     </span>
     <span class='ocr_line' id='line_1_5' title="bbox 155 496 923 538; baseline -0.005 0"><span class='ocrx_word' id='word_1_24' title='bbox 155 499 343 538; x_wconf 87' lang='lat' dir='ltr'>condicio</span> <span class='ocrx_word' id='word_1_25' title='bbox 371 498 406 536; x_wconf 94' lang='lat' dir='ltr'><strong>A</strong></span> <span class='ocrx_word' id='word_1_26' title='bbox 436 510 475 530; x_wconf 68' lang='grc' dir='ltr'>ω</span> <span class='ocrx_word' id='word_1_27' title='bbox 509 497 537 536; x_wconf 88' lang='lat' dir='ltr'>S</span> <span class='ocrx_word' id='word_1_28' title='bbox 568 508 654 535; x_wconf 92' lang='lat' dir='ltr'>non</span> <span class='ocrx_word' id='word_1_29' title='bbox 683 496 923 535; x_wconf 81' lang='lat' dir='ltr'>intercedit:</span> 
     </span>
    </p>

    <p class='ocr_par' dir='ltr' id='par_1_4' title="bbox 155 558 1792 811">
     <span class='ocr_line' id='line_1_6' title="bbox 210 558 1790 613; baseline -0.004 -10"><span class='ocrx_word' id='word_1_30' title='bbox 210 564 246 603; x_wconf 90' lang='lat'>1.</span> <span class='ocrx_word' id='word_1_31' title='bbox 305 564 384 613; x_wconf 88' lang='lat' dir='ltr'>Ep.</span> <span class='ocrx_word' id='word_1_32' title='bbox 415 563 512 612; x_wconf 88' lang='lat'>150,</span> <span class='ocrx_word' id='word_1_33' title='bbox 546 562 662 611; x_wconf 91' lang='lat' dir='ltr'>quod</span> <span class='ocrx_word' id='word_1_34' title='bbox 690 562 733 599; x_wconf 92' lang='lat' dir='ltr'>in</span> <span class='ocrx_word' id='word_1_35' title='bbox 762 561 865 611; x_wconf 86' lang='lat' dir='ltr'><strong>Syll.</strong></span> <span class='ocrx_word' id='word_1_36' title='bbox 898 560 1000 600; x_wconf 89' lang='lat' dir='ltr'>Sim.</span> <span class='ocrx_word' id='word_1_37' title='bbox 1024 572 1110 599; x_wconf 92' lang='lat' dir='ltr'>non</span> <span class='ocrx_word' id='word_1_38' title='bbox 1131 560 1323 609; x_wconf 82' lang='lat' dir='ltr'>extabat,</span> <span class='ocrx_word' id='word_1_39' title='bbox 1357 560 1400 597; x_wconf 92' lang='lat' dir='ltr'>in</span> <span class='ocrx_word' id='word_1_40' title='bbox 1421 560 1561 609; x_wconf 91' lang='lat' dir='ltr'>lapide</span> <span class='ocrx_word' id='word_1_41' title='bbox 1583 558 1630 611; x_wconf 65' lang='grc' dir='ltr'>(ξ</span> <span class='ocrx_word' id='word_1_42' title='bbox 1651 560 1721 609; x_wconf 97' lang='grc'>41,</span> <span class='ocrx_word' id='word_1_43' title='bbox 1747 558 1790 610; x_wconf 96' lang='grc'>2)</span> 
     </span>
     <span class='ocr_line' id='line_1_7' title="bbox 155 624 1792 676; baseline -0.004 -7"><span class='ocrx_word' id='word_1_44' title='bbox 155 641 242 668; x_wconf 91' lang='lat' dir='ltr'>uno</span> <span class='ocrx_word' id='word_1_45' title='bbox 278 629 458 668; x_wconf 86' lang='lat' dir='ltr'>disticho</span> <span class='ocrx_word' id='word_1_46' title='bbox 495 628 740 667; x_wconf 88' lang='lat' dir='ltr'>absolutum</span> <span class='ocrx_word' id='word_1_47' title='bbox 777 628 863 676; x_wconf 90' lang='lat' dir='ltr'>est,</span> <span class='ocrx_word' id='word_1_48' title='bbox 904 627 948 665; x_wconf 92' lang='lat' dir='ltr'>in</span> <span class='ocrx_word' id='word_1_49' title='bbox 986 627 1068 665; x_wconf 89' lang='grc' dir='ltr'>ΑΡ.</span> <span class='ocrx_word' id='word_1_50' title='bbox 1099 628 1239 665; x_wconf 88' lang='lat' dir='ltr'>autem</span> <span class='ocrx_word' id='word_1_51' title='bbox 1264 626 1335 664; x_wconf 95' lang='lat' dir='ltr'>VI.</span> <span class='ocrx_word' id='word_1_52' title='bbox 1367 626 1440 663; x_wconf 85' lang='lat'>144</span> <span class='ocrx_word' id='word_1_53' title='bbox 1470 627 1510 664; x_wconf 93' lang='lat' dir='ltr'>et</span> <span class='ocrx_word' id='word_1_54' title='bbox 1539 624 1637 664; x_wconf 88' lang='grc'><strong>213*</strong></span> <span class='ocrx_word' id='word_1_55' title='bbox 1666 626 1792 664; x_wconf 89' lang='lat' dir='ltr'>inter-</span> 
     </span>
     <span class='ocr_line' id='line_1_8' title="bbox 155 691 1788 748; baseline -0.004 -14"><span class='ocrx_word' id='word_1_56' title='bbox 155 695 365 745; x_wconf 87' lang='lat' dir='ltr'>polatione</span> <span class='ocrx_word' id='word_1_57' title='bbox 401 694 445 732; x_wconf 94' lang='lat' dir='ltr'>in</span> <span class='ocrx_word' id='word_1_58' title='bbox 483 694 609 732; x_wconf 88' lang='lat' dir='ltr'>Anth.</span> <span class='ocrx_word' id='word_1_59' title='bbox 644 692 773 742; x_wconf 84' lang='lat' dir='ltr'>Ceph.</span> <span class='ocrx_word' id='word_1_60' title='bbox 803 692 974 748; x_wconf 85' lang='lat' dir='ltr'>demum</span> <span class='ocrx_word' id='word_1_61' title='bbox 1003 692 1113 730; x_wconf 84' lang='lat' dir='ltr'>facta</span> <span class='ocrx_word' id='word_1_62' title='bbox 1143 692 1274 730; x_wconf 89' lang='lat' dir='ltr'>altero</span> <span class='ocrx_word' id='word_1_63' title='bbox 1302 691 1482 729; x_wconf 90' lang='lat' dir='ltr'>disticho</span> <span class='ocrx_word' id='word_1_64' title='bbox 1511 692 1683 729; x_wconf 88' lang='lat' dir='ltr'>auctum</span> <span class='ocrx_word' id='word_1_65' title='bbox 1712 692 1788 729; x_wconf 88' lang='lat' dir='ltr'>est.</span> 
     </span>
     <span class='ocr_line' id='line_1_9' title="bbox 157 758 376 811; baseline -0.014 -11"><span class='ocrx_word' id='word_1_66' title='bbox 157 760 220 800; x_wconf 83' lang='lat' dir='ltr'>Cf.</span> <span class='ocrx_word' id='word_1_67' title='bbox 255 758 281 811; x_wconf 65' lang='grc' dir='ltr'>ξ</span> <span class='ocrx_word' id='word_1_68' title='bbox 312 759 376 798; x_wconf 88' lang='grc'>91.</span> 
     </span>
    </p>

    <p class='ocr_par' dir='ltr' id='par_1_5' title="bbox 156 818 1796 1202">
     <span class='ocr_line' id='line_1_10' title="bbox 209 818 1792 874; baseline -0.004 -10"><span class='ocrx_word' id='word_1_69' title='bbox 209 826 247 864; x_wconf 87' lang='grc'>2.</span> <span class='ocrx_word' id='word_1_70' title='bbox 307 825 386 874; x_wconf 87' lang='lat' dir='ltr'>Ep.</span> <span class='ocrx_word' id='word_1_71' title='bbox 428 823 501 873; x_wconf 89' lang='grc'>90,</span> <span class='ocrx_word' id='word_1_72' title='bbox 541 823 655 872; x_wconf 90' lang='lat' dir='ltr'>quod</span> <span class='ocrx_word' id='word_1_73' title='bbox 692 834 744 861; x_wconf 90' lang='lat' dir='ltr'>ex</span> <span class='ocrx_word' id='word_1_74' title='bbox 782 822 889 861; x_wconf 82' lang='lat' dir='ltr'>salsa</span> <span class='ocrx_word' id='word_1_75' title='bbox 926 822 1273 871; x_wconf 84' lang='lat' dir='ltr'>interpretatione</span> <span class='ocrx_word' id='word_1_76' title='bbox 1310 822 1388 860; x_wconf 88' lang='lat' dir='ltr'>loci</span> <span class='ocrx_word' id='word_1_77' title='bbox 1418 821 1613 859; x_wconf 89' lang='lat' dir='ltr'>Aristidei</span> <span class='ocrx_word' id='word_1_78' title='bbox 1646 819 1691 871; x_wconf 69' lang='grc' dir='ltr'>(ξ</span> <span class='ocrx_word' id='word_1_79' title='bbox 1723 818 1792 870; x_wconf 83' lang='grc'>55)</span> 
     </span>
     <span class='ocr_line' id='line_1_11' title="bbox 160 885 1796 937; baseline -0.004 -8"><span class='ocrx_word' id='word_1_80' title='bbox 160 890 402 930; x_wconf 73' lang='lat' dir='ltr'>Si&#39;monideo</span> <span class='ocrx_word' id='word_1_81' title='bbox 426 889 596 927; x_wconf 91' lang='lat' dir='ltr'>nomine</span> <span class='ocrx_word' id='word_1_82' title='bbox 619 890 819 926; x_wconf 90' lang='lat' dir='ltr'>ornatum</span> <span class='ocrx_word' id='word_1_83' title='bbox 844 887 954 926; x_wconf 90' lang='lat' dir='ltr'>tradi</span> <span class='ocrx_word' id='word_1_84' title='bbox 980 887 1109 937; x_wconf 91' lang='lat' dir='ltr'>vulgo</span> <span class='ocrx_word' id='word_1_85' title='bbox 1132 888 1297 937; x_wconf 88' lang='lat' dir='ltr'>putant,</span> <span class='ocrx_word' id='word_1_86' title='bbox 1327 898 1405 936; x_wconf 87' lang='lat' dir='ltr'>ego</span> <span class='ocrx_word' id='word_1_87' title='bbox 1429 897 1530 924; x_wconf 90' lang='lat' dir='ltr'>vero</span> <span class='ocrx_word' id='word_1_88' title='bbox 1554 886 1597 924; x_wconf 92' lang='lat' dir='ltr'>in</span> <span class='ocrx_word' id='word_1_89' title='bbox 1626 885 1796 936; x_wconf 87' lang='lat' dir='ltr'>Sylloge</span> 
     </span>
     <span class='ocr_line' id='line_1_12' title="bbox 156 950 1796 1003; baseline -0.004 -8"><span class='ocrx_word' id='word_1_90' title='bbox 156 957 241 995; x_wconf 91' lang='lat' dir='ltr'>iam</span> <span class='ocrx_word' id='word_1_91' title='bbox 279 955 457 994; x_wconf 81' lang='lat' dir='ltr'>affuisse</span> <span class='ocrx_word' id='word_1_92' title='bbox 493 953 689 992; x_wconf 88' lang='lat' dir='ltr'>existimo</span> <span class='ocrx_word' id='word_1_93' title='bbox 730 951 776 1003; x_wconf 68' lang='grc' dir='ltr'>(ξ</span> <span class='ocrx_word' id='word_1_94' title='bbox 819 951 937 1002; x_wconf 84' lang='grc'><strong>134),</strong></span> <span class='ocrx_word' id='word_1_95' title='bbox 979 953 1023 990; x_wconf 93' lang='lat' dir='ltr'>in</span> <span class='ocrx_word' id='word_1_96' title='bbox 1061 952 1301 1001; x_wconf 81' lang='lat' dir='ltr'>antiquiore</span> <span class='ocrx_word' id='word_1_97' title='bbox 1338 952 1474 990; x_wconf 88' lang='lat' dir='ltr'>forma</span> <span class='ocrx_word' id='word_1_98' title='bbox 1515 950 1604 1002; x_wconf 85' lang='lat' dir='ltr'>(A¹)</span> <span class='ocrx_word' id='word_1_99' title='bbox 1641 951 1796 1000; x_wconf 87' lang='lat' dir='ltr'>legitur</span> 
     </span>
     <span class='ocr_line' id='line_1_13' title="bbox 157 1016 1795 1071; baseline -0.004 -11"><span class='ocrx_word' id='word_1_100' title='bbox 157 1022 272 1071; x_wconf 85' lang='lat' dir='ltr'>apud</span> <span class='ocrx_word' id='word_1_101' title='bbox 297 1021 565 1070; x_wconf 82' lang='lat' dir='ltr'>Lycurgum,</span> <span class='ocrx_word' id='word_1_102' title='bbox 593 1019 636 1056; x_wconf 93' lang='lat' dir='ltr'>in</span> <span class='ocrx_word' id='word_1_103' title='bbox 662 1018 893 1057; x_wconf 82' lang='lat' dir='ltr'>recentiore</span> <span class='ocrx_word' id='word_1_104' title='bbox 915 1016 1001 1068; x_wconf 87' lang='lat' dir='ltr'>(A²)</span> <span class='ocrx_word' id='word_1_105' title='bbox 1024 1018 1067 1056; x_wconf 93' lang='lat' dir='ltr'>in</span> <span class='ocrx_word' id='word_1_106' title='bbox 1092 1017 1271 1056; x_wconf 88' lang='lat' dir='ltr'>Scholiis</span> <span class='ocrx_word' id='word_1_107' title='bbox 1292 1017 1511 1055; x_wconf 89' lang='lat' dir='ltr'>Aristideis</span> <span class='ocrx_word' id='word_1_108' title='bbox 1534 1018 1662 1066; x_wconf 91' lang='lat' dir='ltr'>atque</span> <span class='ocrx_word' id='word_1_109' title='bbox 1682 1016 1795 1065; x_wconf 90' lang='lat' dir='ltr'>apud</span> 
     </span>
     <span class='ocr_line' id='line_1_14' title="bbox 161 1079 1792 1135; baseline -0.004 -10"><span class='ocrx_word' id='word_1_110' title='bbox 161 1086 362 1135; x_wconf 90' lang='lat' dir='ltr'>Suidam,</span> <span class='ocrx_word' id='word_1_111' title='bbox 391 1097 520 1134; x_wconf 89' lang='lat' dir='ltr'>quam</span> <span class='ocrx_word' id='word_1_112' title='bbox 546 1095 701 1122; x_wconf 89' lang='lat' dir='ltr'>rursus</span> <span class='ocrx_word' id='word_1_113' title='bbox 726 1084 948 1133; x_wconf 87' lang='lat' dir='ltr'>paululum</span> <span class='ocrx_word' id='word_1_114' title='bbox 973 1083 1239 1122; x_wconf 86' lang='lat' dir='ltr'>immutatam</span> <span class='ocrx_word' id='word_1_115' title='bbox 1264 1083 1432 1121; x_wconf 87' lang='lat' dir='ltr'>exhibet</span> <span class='ocrx_word' id='word_1_116' title='bbox 1458 1082 1662 1120; x_wconf 83' lang='lat' dir='ltr'>Aristides</span> <span class='ocrx_word' id='word_1_117' title='bbox 1687 1079 1792 1131; x_wconf 67' lang='lat' dir='ltr'>(A·²).</span> 
     </span>
     <span class='ocr_line' id='line_1_15' title="bbox 159 1151 380 1202; baseline -0.009 -11"><span class='ocrx_word' id='word_1_118' title='bbox 159 1152 222 1192; x_wconf 82' lang='lat' dir='ltr'>Cf.</span> <span class='ocrx_word' id='word_1_119' title='bbox 258 1152 284 1202; x_wconf 62' lang='grc' dir='ltr'><strong>ξ</strong></span> <span class='ocrx_word' id='word_1_120' title='bbox 315 1151 380 1191; x_wconf 81' lang='grc'>59.</span> 
     </span>
    </p>

    <p class='ocr_par' dir='ltr' id='par_1_6' title="bbox 159 1211 1797 1327">
     <span class='ocr_line' id='line_1_16' title="bbox 212 1211 1797 1266; baseline -0.004 -10"><span class='ocrx_word' id='word_1_121' title='bbox 212 1217 250 1256; x_wconf 85' lang='grc'>3.</span> <span class='ocrx_word' id='word_1_122' title='bbox 309 1217 388 1266; x_wconf 89' lang='lat' dir='ltr'>Ep.</span> <span class='ocrx_word' id='word_1_123' title='bbox 421 1215 491 1265; x_wconf 88' lang='grc'>97,</span> <span class='ocrx_word' id='word_1_124' title='bbox 533 1216 655 1254; x_wconf 88' lang='lat' dir='ltr'>cuius</span> <span class='ocrx_word' id='word_1_125' title='bbox 694 1215 803 1253; x_wconf 89' lang='lat' dir='ltr'>trad.</span> <span class='ocrx_word' id='word_1_126' title='bbox 833 1214 865 1252; x_wconf 90' lang='lat' dir='ltr'><strong>A</strong></span> <span class='ocrx_word' id='word_1_127' title='bbox 894 1213 1110 1252; x_wconf 86' lang='lat' dir='ltr'>traditioni</span> <span class='ocrx_word' id='word_1_128' title='bbox 1143 1212 1171 1252; x_wconf 89' lang='lat' dir='ltr'>S</span> <span class='ocrx_word' id='word_1_129' title='bbox 1202 1213 1350 1250; x_wconf 89' lang='lat' dir='ltr'>similis</span> <span class='ocrx_word' id='word_1_130' title='bbox 1380 1214 1464 1262; x_wconf 90' lang='lat' dir='ltr'>est,</span> <span class='ocrx_word' id='word_1_131' title='bbox 1508 1212 1622 1261; x_wconf 88' lang='lat' dir='ltr'>apud</span> <span class='ocrx_word' id='word_1_132' title='bbox 1652 1211 1797 1250; x_wconf 89' lang='lat' dir='ltr'>Aristi-</span> 
     </span>
     <span class='ocr_line' id='line_1_17' title="bbox 159 1276 1795 1327; baseline -0.004 -6"><span class='ocrx_word' id='word_1_133' title='bbox 159 1283 255 1322; x_wconf 89' lang='lat' dir='ltr'>dem</span> <span class='ocrx_word' id='word_1_134' title='bbox 279 1282 464 1321; x_wconf 87' lang='lat' dir='ltr'>duorum</span> <span class='ocrx_word' id='word_1_135' title='bbox 488 1281 767 1319; x_wconf 79' lang='lat' dir='ltr'>distichorum</span> <span class='ocrx_word' id='word_1_136' title='bbox 792 1279 1080 1318; x_wconf 88' lang='lat' dir='ltr'>additamento</span> <span class='ocrx_word' id='word_1_137' title='bbox 1099 1279 1328 1317; x_wconf 89' lang='lat' dir='ltr'>adauctum</span> <span class='ocrx_word' id='word_1_138' title='bbox 1348 1278 1577 1327; x_wconf 90' lang='lat' dir='ltr'>invenitur,</span> <span class='ocrx_word' id='word_1_139' title='bbox 1607 1277 1659 1315; x_wconf 88' lang='lat' dir='ltr'>cf.</span> <span class='ocrx_word' id='word_1_140' title='bbox 1682 1276 1707 1326; x_wconf 61' lang='grc' dir='ltr'>ξ</span> <span class='ocrx_word' id='word_1_141' title='bbox 1731 1277 1795 1316; x_wconf 88' lang='grc'>61.</span> 
     </span>
    </p>

    <p class='ocr_par' dir='ltr' id='par_1_7' title="bbox 159 1343 1799 1529">
     <span class='ocr_line' id='line_1_18' title="bbox 212 1343 1793 1397; baseline -0.004 -10"><span class='ocrx_word' id='word_1_142' title='bbox 212 1348 250 1387; x_wconf 90' lang='grc'>4.</span> <span class='ocrx_word' id='word_1_143' title='bbox 310 1348 389 1397; x_wconf 78' lang='grc' dir='ltr'>ΕΡ.</span> <span class='ocrx_word' id='word_1_144' title='bbox 421 1346 509 1385; x_wconf 89' lang='grc'>129.</span> <span class='ocrx_word' id='word_1_145' title='bbox 544 1346 670 1384; x_wconf 86' lang='lat' dir='ltr'>quta</span> <span class='ocrx_word' id='word_1_146' title='bbox 699 1345 903 1395; x_wconf 88' lang='lat' dir='ltr'>formam,</span> <span class='ocrx_word' id='word_1_147' title='bbox 937 1356 1067 1394; x_wconf 86' lang='lat' dir='ltr'>quam</span> <span class='ocrx_word' id='word_1_148' title='bbox 1091 1344 1134 1382; x_wconf 90' lang='lat' dir='ltr'>in</span> <span class='ocrx_word' id='word_1_149' title='bbox 1162 1343 1362 1394; x_wconf 88' lang='lat' dir='ltr'>Syllogen</span> <span class='ocrx_word' id='word_1_150' title='bbox 1389 1343 1543 1392; x_wconf 90' lang='lat' dir='ltr'>recepit</span> <span class='ocrx_word' id='word_1_151' title='bbox 1570 1343 1793 1392; x_wconf 88' lang='lat' dir='ltr'>Collector,</span> 
     </span>
     <span class='ocr_line' id='line_1_19' title="bbox 159 1408 1799 1460; baseline -0.004 -8"><span class='ocrx_word' id='word_1_152' title='bbox 159 1414 275 1452; x_wconf 87' lang='lat' dir='ltr'>extat</span> <span class='ocrx_word' id='word_1_153' title='bbox 317 1412 524 1451; x_wconf 88' lang='lat' dir='ltr'>recentior</span> <span class='ocrx_word' id='word_1_154' title='bbox 567 1411 683 1460; x_wconf 86' lang='lat' dir='ltr'>apud</span> <span class='ocrx_word' id='word_1_155' title='bbox 729 1410 867 1449; x_wconf 91' lang='lat' dir='ltr'>Schol.</span> <span class='ocrx_word' id='word_1_156' title='bbox 915 1410 1067 1460; x_wconf 90' lang='lat' dir='ltr'>Arist.,</span> <span class='ocrx_word' id='word_1_157' title='bbox 1119 1421 1248 1458; x_wconf 90' lang='lat' dir='ltr'>quam</span> <span class='ocrx_word' id='word_1_158' title='bbox 1292 1410 1434 1447; x_wconf 88' lang='lat' dir='ltr'>natam</span> <span class='ocrx_word' id='word_1_159' title='bbox 1477 1420 1571 1447; x_wconf 90' lang='lat' dir='ltr'>esse</span> <span class='ocrx_word' id='word_1_160' title='bbox 1613 1408 1799 1451; x_wconf 85' lang='lat' dir='ltr'>vidimus</span> 
     </span>
     <span class='ocr_line' id='line_1_20' title="bbox 167 1476 1633 1529; baseline -0.005 -12"><span class='ocrx_word' id='word_1_161' title='bbox 167 1477 192 1529; x_wconf 67' lang='grc' dir='ltr'>ξ</span> <span class='ocrx_word' id='word_1_162' title='bbox 224 1478 275 1517; x_wconf 89' lang='lat'>58</span> <span class='ocrx_word' id='word_1_163' title='bbox 303 1478 346 1516; x_wconf 93' lang='lat' dir='ltr'>in</span> <span class='ocrx_word' id='word_1_164' title='bbox 377 1477 546 1526; x_wconf 89' lang='lat' dir='ltr'>scriptis</span> <span class='ocrx_word' id='word_1_165' title='bbox 579 1476 744 1515; x_wconf 88' lang='lat' dir='ltr'>Stoicis.</span> <span class='ocrx_word' id='word_1_166' title='bbox 1620 1511 1633 1517; x_wconf 27' lang='lat' dir='ltr'>j</span> 
     </span>
    </p>

    <p class='ocr_par' dir='ltr' id='par_1_8' title="bbox 161 1539 1801 1853">
     <span class='ocr_line' id='line_1_21' title="bbox 215 1539 1799 1593; baseline -0.004 -10"><span class='ocrx_word' id='word_1_167' title='bbox 215 1544 253 1583; x_wconf 84' lang='lat'>5.</span> <span class='ocrx_word' id='word_1_168' title='bbox 313 1544 391 1593; x_wconf 89' lang='lat' dir='ltr'>Ep.</span> <span class='ocrx_word' id='word_1_169' title='bbox 436 1542 534 1591; x_wconf 86' lang='lat'>132,</span> <span class='ocrx_word' id='word_1_170' title='bbox 573 1541 688 1590; x_wconf 91' lang='lat' dir='ltr'>quod</span> <span class='ocrx_word' id='word_1_171' title='bbox 726 1541 817 1579; x_wconf 88' lang='lat' dir='ltr'>loco</span> <span class='ocrx_word' id='word_1_172' title='bbox 854 1541 1063 1579; x_wconf 90' lang='lat' dir='ltr'>Aristideo</span> <span class='ocrx_word' id='word_1_173' title='bbox 1101 1541 1197 1579; x_wconf 78' lang='lat' dir='ltr'>freti</span> <span class='ocrx_word' id='word_1_174' title='bbox 1238 1539 1283 1590; x_wconf 67' lang='grc' dir='ltr'>(ξ</span> <span class='ocrx_word' id='word_1_175' title='bbox 1315 1539 1384 1590; x_wconf 87' lang='lat'>55)</span> <span class='ocrx_word' id='word_1_176' title='bbox 1416 1540 1525 1578; x_wconf 87' lang='lat' dir='ltr'>inter</span> <span class='ocrx_word' id='word_1_177' title='bbox 1557 1539 1799 1578; x_wconf 85' lang='lat' dir='ltr'>Simonidea</span> 
     </span>
     <span class='ocr_line' id='line_1_22' title="bbox 163 1605 1800 1656; baseline -0.003 -9"><span class='ocrx_word' id='word_1_178' title='bbox 163 1609 418 1647; x_wconf 89' lang='lat' dir='ltr'>rettulerunt</span> <span class='ocrx_word' id='word_1_179' title='bbox 443 1607 523 1645; x_wconf 92' lang='lat' dir='ltr'>viri</span> <span class='ocrx_word' id='word_1_180' title='bbox 547 1607 679 1656; x_wconf 89' lang='lat' dir='ltr'>docti,</span> <span class='ocrx_word' id='word_1_181' title='bbox 709 1606 823 1655; x_wconf 90' lang='lat' dir='ltr'>quod</span> <span class='ocrx_word' id='word_1_182' title='bbox 847 1607 988 1644; x_wconf 88' lang='lat' dir='ltr'>tamen</span> <span class='ocrx_word' id='word_1_183' title='bbox 1013 1605 1056 1643; x_wconf 91' lang='lat' dir='ltr'>in</span> <span class='ocrx_word' id='word_1_184' title='bbox 1085 1605 1285 1655; x_wconf 87' lang='lat' dir='ltr'>Syllogen</span> <span class='ocrx_word' id='word_1_185' title='bbox 1312 1607 1526 1654; x_wconf 88' lang='lat' dir='ltr'>receptum</span> <span class='ocrx_word' id='word_1_186' title='bbox 1546 1605 1680 1643; x_wconf 88' lang='lat' dir='ltr'>fuisse</span> <span class='ocrx_word' id='word_1_187' title='bbox 1699 1616 1800 1643; x_wconf 90' lang='lat' dir='ltr'>vero</span> 
     </span>
     <span class='ocr_line' id='line_1_23' title="bbox 161 1669 1801 1722; baseline -0.002 -10"><span class='ocrx_word' id='word_1_188' title='bbox 161 1674 282 1712; x_wconf 89' lang='lat' dir='ltr'>haud</span> <span class='ocrx_word' id='word_1_189' title='bbox 319 1673 525 1711; x_wconf 89' lang='lat' dir='ltr'>dissimile</span> <span class='ocrx_word' id='word_1_190' title='bbox 561 1673 626 1710; x_wconf 90' lang='lat' dir='ltr'>est</span> <span class='ocrx_word' id='word_1_191' title='bbox 666 1670 712 1722; x_wconf 63' lang='grc' dir='ltr'>(ξ</span> <span class='ocrx_word' id='word_1_192' title='bbox 754 1669 872 1720; x_wconf 85' lang='grc'><strong>135),</strong></span> <span class='ocrx_word' id='word_1_193' title='bbox 911 1671 954 1708; x_wconf 93' lang='lat' dir='ltr'>in</span> <span class='ocrx_word' id='word_1_194' title='bbox 993 1670 1131 1720; x_wconf 87' lang='lat' dir='ltr'>lapide</span> <span class='ocrx_word' id='word_1_195' title='bbox 1170 1671 1400 1708; x_wconf 87' lang='lat' dir='ltr'>vetustiore</span> <span class='ocrx_word' id='word_1_196' title='bbox 1434 1682 1639 1709; x_wconf 87' lang='lat' dir='ltr'>versuum</span> <span class='ocrx_word' id='word_1_197' title='bbox 1674 1670 1801 1708; x_wconf 89' lang='lat' dir='ltr'>habet</span> 
     </span>
     <span class='ocr_line' id='line_1_24' title="bbox 163 1735 1800 1787; baseline -0.002 -9"><span class='ocrx_word' id='word_1_198' title='bbox 163 1739 354 1778; x_wconf 88' lang='lat' dir='ltr'>ordinem</span> <span class='ocrx_word' id='word_1_199' title='bbox 385 1738 422 1777; x_wconf 88' lang='lat'>3.</span> <span class='ocrx_word' id='word_1_200' title='bbox 456 1737 493 1776; x_wconf 86' lang='lat'>2.</span> <span class='ocrx_word' id='word_1_201' title='bbox 530 1737 564 1775; x_wconf 96' lang='lat'>1.</span> <span class='ocrx_word' id='word_1_202' title='bbox 598 1739 621 1775; x_wconf 91' lang='lat'>4</span> <span class='ocrx_word' id='word_1_203' title='bbox 654 1735 768 1787; x_wconf 56' lang='grc' dir='ltr'><strong>(Αἱ),</strong></span> <span class='ocrx_word' id='word_1_204' title='bbox 802 1736 845 1774; x_wconf 92' lang='lat' dir='ltr'>in</span> <span class='ocrx_word' id='word_1_205' title='bbox 876 1736 1106 1774; x_wconf 83' lang='lat' dir='ltr'>recentiore</span> <span class='ocrx_word' id='word_1_206' title='bbox 1134 1738 1263 1784; x_wconf 87' lang='lat' dir='ltr'>atque</span> <span class='ocrx_word' id='word_1_207' title='bbox 1291 1736 1334 1774; x_wconf 90' lang='lat' dir='ltr'>in</span> <span class='ocrx_word' id='word_1_208' title='bbox 1352 1736 1579 1774; x_wconf 90' lang='lat' dir='ltr'>traditione</span> <span class='ocrx_word' id='word_1_209' title='bbox 1597 1736 1800 1774; x_wconf 88' lang='lat' dir='ltr'>litteraria</span> 
     </span>
     <span class='ocr_line' id='line_1_25' title="bbox 166 1801 871 1853; baseline -0.004 -10"><span class='ocrx_word' id='word_1_210' title='bbox 166 1805 201 1843; x_wconf 90' lang='lat'>1.</span> <span class='ocrx_word' id='word_1_211' title='bbox 233 1804 271 1843; x_wconf 88' lang='grc'>2.</span> <span class='ocrx_word' id='word_1_212' title='bbox 305 1803 343 1842; x_wconf 88' lang='grc'>3.</span> <span class='ocrx_word' id='word_1_213' title='bbox 376 1803 400 1842; x_wconf 91' lang='grc'>4</span> <span class='ocrx_word' id='word_1_214' title='bbox 433 1802 536 1853; x_wconf 81' lang='lat' dir='ltr'>(A’).</span> <span class='ocrx_word' id='word_1_215' title='bbox 571 1802 634 1842; x_wconf 81' lang='lat' dir='ltr'>Cf.</span> <span class='ocrx_word' id='word_1_216' title='bbox 670 1801 695 1853; x_wconf 64' lang='grc' dir='ltr'>ξ</span> <span class='ocrx_word' id='word_1_217' title='bbox 726 1802 800 1852; x_wconf 91' lang='grc'>41,</span> <span class='ocrx_word' id='word_1_218' title='bbox 833 1802 871 1840; x_wconf 91' lang='grc'>4.</span> 
     </span>
    </p>

    <p class='ocr_par' dir='ltr' id='par_1_9' title="bbox 163 1864 1805 2309">
     <span class='ocr_line' id='line_1_26' title="bbox 216 1864 1802 1918; baseline -0.002 -10"><span class='ocrx_word' id='word_1_219' title='bbox 216 1869 254 1908; x_wconf 88' lang='grc'>6.</span> <span class='ocrx_word' id='word_1_220' title='bbox 315 1869 393 1918; x_wconf 89' lang='lat' dir='ltr'>Ep.</span> <span class='ocrx_word' id='word_1_221' title='bbox 424 1867 500 1907; x_wconf 91' lang='grc'>109</span> <span class='ocrx_word' id='word_1_222' title='bbox 529 1868 572 1906; x_wconf 91' lang='lat' dir='ltr'>in</span> <span class='ocrx_word' id='word_1_223' title='bbox 601 1867 684 1906; x_wconf 90' lang='grc' dir='ltr'>ΑΡ.</span> <span class='ocrx_word' id='word_1_224' title='bbox 713 1867 779 1905; x_wconf 86' lang='lat' dir='ltr'>bis</span> <span class='ocrx_word' id='word_1_225' title='bbox 804 1867 926 1905; x_wconf 90' lang='lat' dir='ltr'>titulo</span> <span class='ocrx_word' id='word_1_226' title='bbox 946 1864 1193 1918; x_wconf 76' lang='grc' dir='ltr'><em>Σιμωνίδου</em></span> <span class='ocrx_word' id='word_1_227' title='bbox 1216 1867 1247 1906; x_wconf 83' lang='lat' dir='ltr'>G</span> <span class='ocrx_word' id='word_1_228' title='bbox 1268 1868 1468 1905; x_wconf 85' lang='lat' dir='ltr'>ornatum</span> <span class='ocrx_word' id='word_1_229' title='bbox 1486 1868 1600 1906; x_wconf 89' lang='lat' dir='ltr'>extat</span> <span class='ocrx_word' id='word_1_230' title='bbox 1619 1867 1662 1905; x_wconf 86' lang='lat' dir='ltr'>in</span> <span class='ocrx_word' id='word_1_231' title='bbox 1683 1868 1802 1905; x_wconf 88' lang='lat' dir='ltr'>textu</span> 
     </span>
     <span class='ocr_line' id='line_1_27' title="bbox 163 1930 1800 1984; baseline -0.002 -11"><span class='ocrx_word' id='word_1_232' title='bbox 163 1935 333 1973; x_wconf 88' lang='lat' dir='ltr'>diverso</span> <span class='ocrx_word' id='word_1_233' title='bbox 373 1933 443 1984; x_wconf 89' lang='grc' dir='ltr'>(ΡΙ</span> <span class='ocrx_word' id='word_1_234' title='bbox 482 1950 534 1964; x_wconf 89' lang='lat'><strong><em>=</em></strong></span> <span class='ocrx_word' id='word_1_235' title='bbox 570 1933 664 1971; x_wconf 93' lang='lat' dir='ltr'><strong>VII.</strong></span> <span class='ocrx_word' id='word_1_236' title='bbox 707 1932 806 1982; x_wconf 88' lang='grc'><strong>270,</strong></span> <span class='ocrx_word' id='word_1_237' title='bbox 854 1930 904 1970; x_wconf 86' lang='lat' dir='ltr'>P²</span> <span class='ocrx_word' id='word_1_238' title='bbox 943 1949 994 1963; x_wconf 89' lang='lat'><strong><em>=</em></strong></span> <span class='ocrx_word' id='word_1_239' title='bbox 1031 1931 1164 1982; x_wconf 66' lang='lat'>650⁸).</span> <span class='ocrx_word' id='word_1_240' title='bbox 1211 1932 1445 1970; x_wconf 89' lang='lat' dir='ltr'>Planudem</span> <span class='ocrx_word' id='word_1_241' title='bbox 1483 1931 1609 1982; x_wconf 58' lang='grc' dir='ltr'><strong>(ΙΙΙ-Ἰ.</strong></span> <span class='ocrx_word' id='word_1_242' title='bbox 1653 1932 1715 1971; x_wconf 88' lang='grc'>19.</span> <span class='ocrx_word' id='word_1_243' title='bbox 1757 1931 1800 1982; x_wconf 89' lang='grc'>8)</span> 
     </span>
     <span class='ocr_line' id='line_1_28' title="bbox 165 1997 1798 2049; baseline -0.002 -11"><span class='ocrx_word' id='word_1_244' title='bbox 165 2000 374 2049; x_wconf 85' lang='lat' dir='ltr'>recepisse</span> <span class='ocrx_word' id='word_1_245' title='bbox 402 1999 452 2037; x_wconf 85' lang='lat' dir='ltr'>P¹</span> <span class='ocrx_word' id='word_1_246' title='bbox 483 1998 634 2037; x_wconf 91' lang='lat' dir='ltr'>docent</span> <span class='ocrx_word' id='word_1_247' title='bbox 662 2009 756 2047; x_wconf 88' lang='lat' dir='ltr'>epp.</span> <span class='ocrx_word' id='word_1_248' title='bbox 786 1997 901 2047; x_wconf 89' lang='lat' dir='ltr'>apud</span> <span class='ocrx_word' id='word_1_249' title='bbox 926 2009 1022 2036; x_wconf 89' lang='lat' dir='ltr'>eum</span> <span class='ocrx_word' id='word_1_250' title='bbox 1049 1997 1341 2046; x_wconf 87' lang='lat' dir='ltr'>praecedentia</span> <span class='ocrx_word' id='word_1_251' title='bbox 1362 1998 1444 2035; x_wconf 89' lang='grc' dir='ltr'>ΑΡ.</span> <span class='ocrx_word' id='word_1_252' title='bbox 1460 1998 1553 2035; x_wconf 90' lang='lat' dir='ltr'><strong>VII.</strong></span> <span class='ocrx_word' id='word_1_253' title='bbox 1575 1997 1798 2036; x_wconf 83' lang='lat'><strong>263-—269.</strong></span> 
     </span>
     <span class='ocr_line' id='line_1_29' title="bbox 166 2062 1802 2113; baseline -0.002 -10"><span class='ocrx_word' id='word_1_254' title='bbox 166 2065 270 2103; x_wconf 88' lang='lat' dir='ltr'>Eius</span> <span class='ocrx_word' id='word_1_255' title='bbox 307 2066 451 2103; x_wconf 88' lang='lat' dir='ltr'>textus</span> <span class='ocrx_word' id='word_1_256' title='bbox 488 2074 660 2113; x_wconf 88' lang='lat' dir='ltr'>quoque</span> <span class='ocrx_word' id='word_1_257' title='bbox 697 2063 822 2112; x_wconf 90' lang='lat' dir='ltr'>plane</span> <span class='ocrx_word' id='word_1_258' title='bbox 859 2074 957 2101; x_wconf 91' lang='lat' dir='ltr'>cum</span> <span class='ocrx_word' id='word_1_259' title='bbox 996 2063 1046 2100; x_wconf 76' lang='lat'>1³¹</span> <span class='ocrx_word' id='word_1_260' title='bbox 1086 2063 1302 2112; x_wconf 90' lang='lat' dir='ltr'>convenit,</span> <span class='ocrx_word' id='word_1_261' title='bbox 1346 2063 1426 2100; x_wconf 88' lang='lat' dir='ltr'>nisi</span> <span class='ocrx_word' id='word_1_262' title='bbox 1465 2063 1580 2111; x_wconf 90' lang='lat' dir='ltr'>quod</span> <span class='ocrx_word' id='word_1_263' title='bbox 1618 2075 1713 2101; x_wconf 89' lang='lat' dir='ltr'>cum</span> <span class='ocrx_word' id='word_1_264' title='bbox 1752 2062 1802 2100; x_wconf 87' lang='lat' dir='ltr'>P²</span> 
     </span>
     <span class='ocr_line' id='line_1_30' title="bbox 166 2125 1805 2180; baseline -0.002 -12"><span class='ocrx_word' id='word_1_265' title='bbox 166 2130 292 2169; x_wconf 79' lang='lat' dir='ltr'>habet</span> <span class='ocrx_word' id='word_1_266' title='bbox 326 2127 475 2180; x_wconf 82' lang='grc' dir='ltr'>Φοίβῳ</span> <span class='ocrx_word' id='word_1_267' title='bbox 504 2127 707 2179; x_wconf 80' lang='grc' dir='ltr'><em>ἄγοντας,·</em></span> <span class='ocrx_word' id='word_1_268' title='bbox 736 2139 821 2177; x_wconf 89' lang='lat' dir='ltr'>qua</span> <span class='ocrx_word' id='word_1_269' title='bbox 851 2128 903 2166; x_wconf 90' lang='lat' dir='ltr'>de</span> <span class='ocrx_word' id='word_1_270' title='bbox 931 2139 1061 2166; x_wconf 84' lang='lat' dir='ltr'>causa</span> <span class='ocrx_word' id='word_1_271' title='bbox 1090 2128 1310 2166; x_wconf 84' lang='lat' dir='ltr'>lectionem</span> <span class='ocrx_word' id='word_1_272' title='bbox 1340 2127 1390 2165; x_wconf 69' lang='lat'>1³¹</span> <span class='ocrx_word' id='word_1_273' title='bbox 1423 2125 1546 2177; x_wconf 77' lang='grc' dir='ltr'><em>Φοῖβ’</em></span> <span class='ocrx_word' id='word_1_274' title='bbox 1571 2126 1805 2178; x_wconf 75' lang='grc' dir='ltr'><em>ἀγαγόντας</em></span> 
     </span>
     <span class='ocr_line' id='line_1_31' title="bbox 167 2193 1803 2245; baseline -0.002 -11"><span class='ocrx_word' id='word_1_275' title='bbox 167 2197 262 2245; x_wconf 90' lang='lat' dir='ltr'>post</span> <span class='ocrx_word' id='word_1_276' title='bbox 301 2194 530 2245; x_wconf 85' lang='lat' dir='ltr'>Cephalam</span> <span class='ocrx_word' id='word_1_277' title='bbox 564 2205 615 2232; x_wconf 86' lang='lat' dir='ltr'>ex</span> <span class='ocrx_word' id='word_1_278' title='bbox 645 2193 787 2231; x_wconf 91' lang='lat' dir='ltr'>hiatus</span> <span class='ocrx_word' id='word_1_279' title='bbox 815 2193 1060 2231; x_wconf 87' lang='lat' dir='ltr'>eliminandi</span> <span class='ocrx_word' id='word_1_280' title='bbox 1091 2193 1232 2231; x_wconf 90' lang='lat' dir='ltr'>studio</span> <span class='ocrx_word' id='word_1_281' title='bbox 1260 2194 1396 2231; x_wconf 88' lang='lat' dir='ltr'>ortam</span> <span class='ocrx_word' id='word_1_282' title='bbox 1426 2204 1520 2230; x_wconf 88' lang='lat' dir='ltr'>esse</span> <span class='ocrx_word' id='word_1_283' title='bbox 1548 2193 1803 2231; x_wconf 81' lang='lat' dir='ltr'>constituen-</span> 
     </span>
     <span class='ocr_line' id='line_1_32' title="bbox 166 2258 895 2309; baseline -0.004 -10"><span class='ocrx_word' id='word_1_284' title='bbox 166 2260 269 2299; x_wconf 90' lang='lat' dir='ltr'>dum</span> <span class='ocrx_word' id='word_1_285' title='bbox 300 2260 480 2299; x_wconf 89' lang='lat' dir='ltr'>videtur.</span> <span class='ocrx_word' id='word_1_286' title='bbox 517 2260 566 2297; x_wconf 84' lang='lat' dir='ltr'>P·</span> <span class='ocrx_word' id='word_1_287' title='bbox 598 2259 728 2309; x_wconf 86' lang='lat' dir='ltr'>igitur</span> <span class='ocrx_word' id='word_1_288' title='bbox 757 2258 895 2297; x_wconf 91' lang='lat' dir='ltr'>audit:</span> 
     </span>
    </p>

    <p class='ocr_par' dir='ltr' id='par_1_10' title="bbox 169 2321 1810 3204">
     <span class='ocr_line' id='line_1_33' title="bbox 327 2321 1631 2374; baseline -0.002 -12"><span class='ocrx_word' id='word_1_289' title='bbox 327 2323 475 2363; x_wconf 83' lang='grc' dir='ltr'><em>τούσδε</em></span> <span class='ocrx_word' id='word_1_290' title='bbox 502 2322 612 2362; x_wconf 73' lang='grc' dir='ltr'>ποτ’</span> <span class='ocrx_word' id='word_1_291' title='bbox 645 2322 665 2362; x_wconf 81' lang='grc' dir='ltr'><em>ἒ</em></span> <span class='ocrx_word' id='word_1_292' title='bbox 675 2338 701 2362; x_wconf 85' lang='grc' dir='ltr'><em>κ</em></span> <span class='ocrx_word' id='word_1_293' title='bbox 730 2321 987 2374; x_wconf 80' lang='grc' dir='ltr'><em>Σπάρτας</em></span> <span class='ocrx_word' id='word_1_294' title='bbox 1016 2321 1240 2374; x_wconf 65' lang='grc' dir='ltr'><em>ἀκροθίνια</em></span> <span class='ocrx_word' id='word_1_295' title='bbox 1276 2321 1424 2374; x_wconf 78' lang='grc' dir='ltr'><em>Φοίβῳ</em></span> <span class='ocrx_word' id='word_1_296' title='bbox 1454 2321 1631 2374; x_wconf 74' lang='grc' dir='ltr'><em>ἄγοντας</em></span> 
     </span>
     <span class='ocr_line' id='line_1_34' title="bbox 381 2386 1502 2439; baseline -0.001 -12"><span class='ocrx_word' id='word_1_297' title='bbox 381 2389 426 2428; x_wconf 77' lang='grc' dir='ltr'>ἓν</span> <span class='ocrx_word' id='word_1_298' title='bbox 454 2387 658 2439; x_wconf 79' lang='grc' dir='ltr'>πέλαγος,</span> <span class='ocrx_word' id='word_1_299' title='bbox 689 2387 764 2439; x_wconf 89' lang='grc' dir='ltr'>μία</span> <span class='ocrx_word' id='word_1_300' title='bbox 794 2386 906 2434; x_wconf 83' lang='grc' dir='ltr'>νύξ,</span> <span class='ocrx_word' id='word_1_301' title='bbox 945 2387 998 2427; x_wconf 71' lang='grc' dir='ltr'>ἓν</span> <span class='ocrx_word' id='word_1_302' title='bbox 1036 2386 1246 2439; x_wconf 78' lang='grc' dir='ltr'><em>σκάφος</em></span> <span class='ocrx_word' id='word_1_303' title='bbox 1275 2386 1502 2438; x_wconf 75' lang='grc' dir='ltr'><em>ἕκτέρισεν,</em></span> 
     </span>
     <span class='ocr_line' id='line_1_35' title="bbox 170 2453 409 2494; baseline 0 -1"><span class='ocrx_word' id='word_1_304' title='bbox 170 2453 220 2493; x_wconf 75' lang='lat'>1³²</span> <span class='ocrx_word' id='word_1_305' title='bbox 248 2456 409 2494; x_wconf 85' lang='lat' dir='ltr'>autem:</span> 
     </span>
     <span class='ocr_line' id='line_1_36' title="bbox 328 2516 1584 2572; baseline -0.001 -14"><span class='ocrx_word' id='word_1_306' title='bbox 328 2518 470 2559; x_wconf 78' lang='grc' dir='ltr'><em>τούσδ’</em></span> <span class='ocrx_word' id='word_1_307' title='bbox 503 2518 606 2559; x_wconf 82' lang='grc' dir='ltr'>ἀπὸ</span> <span class='ocrx_word' id='word_1_308' title='bbox 646 2517 786 2571; x_wconf 80' lang='grc' dir='ltr'><em>Τυρρ</em></span> <span class='ocrx_word' id='word_1_309' title='bbox 799 2518 822 2572; x_wconf 77' lang='grc' dir='ltr'><em>ἡ</em></span> <span class='ocrx_word' id='word_1_310' title='bbox 835 2533 941 2558; x_wconf 86' lang='grc' dir='ltr'>νων</span> <span class='ocrx_word' id='word_1_311' title='bbox 970 2517 1194 2570; x_wconf 69' lang='grc' dir='ltr'><em>ἀκροθίνια</em></span> <span class='ocrx_word' id='word_1_312' title='bbox 1230 2516 1378 2569; x_wconf 79' lang='grc' dir='ltr'><em>Φοίβῳ</em></span> <span class='ocrx_word' id='word_1_313' title='bbox 1407 2517 1584 2569; x_wconf 77' lang='grc' dir='ltr'><em>ἄγοντας</em></span> 
     </span>
     <span class='ocr_line' id='line_1_37' title="bbox 382 2582 1502 2636; baseline -0.002 -12"><span class='ocrx_word' id='word_1_314' title='bbox 382 2585 428 2624; x_wconf 70' lang='grc' dir='ltr'>ἓν</span> <span class='ocrx_word' id='word_1_315' title='bbox 454 2583 654 2636; x_wconf 79' lang='grc' dir='ltr'>πέλαγος,</span> <span class='ocrx_word' id='word_1_316' title='bbox 683 2583 757 2636; x_wconf 85' lang='grc' dir='ltr'>μία</span> <span class='ocrx_word' id='word_1_317' title='bbox 786 2586 935 2629; x_wconf 84' lang='grc' dir='ltr'><em>ναῦς,</em></span> <span class='ocrx_word' id='word_1_318' title='bbox 974 2582 1021 2622; x_wconf 82' lang='grc' dir='ltr'>εἴ</span> <span class='ocrx_word' id='word_1_319' title='bbox 1030 2598 1051 2627; x_wconf 82' lang='grc' dir='ltr'><em>ς</em></span> <span class='ocrx_word' id='word_1_320' title='bbox 1088 2582 1256 2635; x_wconf 75' lang='grc' dir='ltr'><em>τάφος</em></span> <span class='ocrx_word' id='word_1_321' title='bbox 1285 2582 1502 2634; x_wconf 79' lang='grc' dir='ltr'><em>ἑκτέρισεν.</em></span> 
     </span>
     <span class='ocr_line' id='line_1_38' title="bbox 169 2649 1806 2700; baseline -0.001 -11"><span class='ocrx_word' id='word_1_322' title='bbox 169 2650 536 2696; x_wconf 82' lang='lat' dir='ltr'>Quemadmodum</span> <span class='ocrx_word' id='word_1_323' title='bbox 576 2653 770 2700; x_wconf 90' lang='lat' dir='ltr'>apertum</span> <span class='ocrx_word' id='word_1_324' title='bbox 808 2652 872 2689; x_wconf 89' lang='lat' dir='ltr'>est</span> <span class='ocrx_word' id='word_1_325' title='bbox 908 2650 1161 2689; x_wconf 87' lang='lat' dir='ltr'>alterutrum</span> <span class='ocrx_word' id='word_1_326' title='bbox 1200 2661 1264 2699; x_wconf 90' lang='lat' dir='ltr'>ep.</span> <span class='ocrx_word' id='word_1_327' title='bbox 1305 2649 1497 2687; x_wconf 87' lang='lat' dir='ltr'>alterutri</span> <span class='ocrx_word' id='word_1_328' title='bbox 1527 2649 1806 2688; x_wconf 81' lang='lat' dir='ltr'>fundamento</span> 
     </span>
     <span class='ocr_line' id='line_1_39' title="bbox 170 2709 1808 2766; baseline -0.002 -12"><span class='ocrx_word' id='word_1_329' title='bbox 170 2716 325 2766; x_wconf 77' lang='lat' dir='ltr'>fuisse,</span> <span class='ocrx_word' id='word_1_330' title='bbox 367 2716 428 2754; x_wconf 88' lang='lat' dir='ltr'>sic</span> <span class='ocrx_word' id='word_1_331' title='bbox 465 2716 720 2765; x_wconf 84' lang='lat' dir='ltr'>comparatis</span> <span class='ocrx_word' id='word_1_332' title='bbox 752 2715 949 2754; x_wconf 87' lang='lat' dir='ltr'>versibus</span> <span class='ocrx_word' id='word_1_333' title='bbox 979 2715 1217 2753; x_wconf 87' lang='lat' dir='ltr'>minoribus</span> <span class='ocrx_word' id='word_1_334' title='bbox 1247 2709 1445 2763; x_wconf 60' lang='lat' dir='ltr'>cuiquam</span> <span class='ocrx_word' id='word_1_335' title='bbox 1475 2714 1682 2752; x_wconf 87' lang='lat' dir='ltr'>incertum</span> <span class='ocrx_word' id='word_1_336' title='bbox 1714 2726 1808 2752; x_wconf 84' lang='lat' dir='ltr'>csse</span> 
     </span>
     <span class='ocr_line' id='line_1_40' title="bbox 172 2779 1803 2830; baseline -0.002 -11"><span class='ocrx_word' id='word_1_337' title='bbox 172 2781 339 2830; x_wconf 89' lang='lat' dir='ltr'>nequit,</span> <span class='ocrx_word' id='word_1_338' title='bbox 392 2783 536 2820; x_wconf 91' lang='lat' dir='ltr'>utrum</span> <span class='ocrx_word' id='word_1_339' title='bbox 579 2781 707 2819; x_wconf 87' lang='lat' dir='ltr'>fuerit</span> <span class='ocrx_word' id='word_1_340' title='bbox 751 2781 1016 2830; x_wconf 86' lang='lat' dir='ltr'>primarium.</span> <span class='ocrx_word' id='word_1_341' title='bbox 1071 2781 1229 2819; x_wconf 89' lang='lat' dir='ltr'>Auctor</span> <span class='ocrx_word' id='word_1_342' title='bbox 1273 2779 1322 2817; x_wconf 87' lang='lat' dir='ltr'>P·</span> <span class='ocrx_word' id='word_1_343' title='bbox 1366 2779 1470 2817; x_wconf 89' lang='lat' dir='ltr'>dixit</span> <span class='ocrx_word' id='word_1_344' title='bbox 1512 2779 1621 2817; x_wconf 80' lang='lat' dir='ltr'>idem</span> <span class='ocrx_word' id='word_1_345' title='bbox 1666 2791 1803 2828; x_wconf 87' lang='lat' dir='ltr'>marc,</span> 
     </span>
     <span class='ocr_line' id='line_1_41' title="bbox 171 2844 1807 2895; baseline -0.002 -11"><span class='ocrx_word' id='word_1_346' title='bbox 171 2846 347 2884; x_wconf 84' lang='lat' dir='ltr'>eandem</span> <span class='ocrx_word' id='word_1_347' title='bbox 377 2848 565 2895; x_wconf 90' lang='lat' dir='ltr'>noctem,</span> <span class='ocrx_word' id='word_1_348' title='bbox 606 2845 782 2884; x_wconf 87' lang='lat' dir='ltr'>eandem</span> <span class='ocrx_word' id='word_1_349' title='bbox 814 2857 965 2884; x_wconf 83' lang='lat' dir='ltr'>navem</span> <span class='ocrx_word' id='word_1_350' title='bbox 997 2845 1243 2894; x_wconf 87' lang='lat' dir='ltr'>sepelivisse</span> <span class='ocrx_word' id='word_1_351' title='bbox 1273 2845 1519 2893; x_wconf 83' lang='lat' dir='ltr'>naufragos.</span> <span class='ocrx_word' id='word_1_352' title='bbox 1567 2844 1686 2888; x_wconf 86' lang='lat' dir='ltr'>Quae</span> <span class='ocrx_word' id='word_1_353' title='bbox 1715 2855 1807 2881; x_wconf 87' lang='lat' dir='ltr'>sen-</span> 
     </span>
     <span class='ocr_line' id='line_1_42' title="bbox 171 2892 1806 2961; baseline -0.002 -12"><span class='ocrx_word' id='word_1_354' title='bbox 171 2911 324 2960; x_wconf 79' lang='lat' dir='ltr'>tentia,</span> <span class='ocrx_word' id='word_1_355' title='bbox 367 2911 692 2960; x_wconf 88' lang='lat' dir='ltr'>qualiscumque</span> <span class='ocrx_word' id='word_1_356' title='bbox 719 2912 805 2961; x_wconf 89' lang='lat' dir='ltr'>est,</span> <span class='ocrx_word' id='word_1_357' title='bbox 845 2892 983 2960; x_wconf 79' lang='lat' dir='ltr'>pote&#39;st</span> <span class='ocrx_word' id='word_1_358' title='bbox 1011 2910 1209 2959; x_wconf 86' lang='lat' dir='ltr'>intellegi.</span> <span class='ocrx_word' id='word_1_359' title='bbox 1256 2910 1379 2954; x_wconf 83' lang='lat' dir='ltr'>Quod</span> <span class='ocrx_word' id='word_1_360' title='bbox 1409 2911 1550 2947; x_wconf 80' lang='lat' dir='ltr'>autem</span> <span class='ocrx_word' id='word_1_361' title='bbox 1582 2909 1736 2958; x_wconf 86' lang='lat' dir='ltr'>legitur</span> <span class='ocrx_word' id='word_1_362' title='bbox 1765 2908 1806 2946; x_wconf 88' lang='lat' dir='ltr'>in</span> 
     </span>
     <span class='ocr_line' id='line_1_43' title="bbox 175 2974 1809 3026; baseline -0.002 -12"><span class='ocrx_word' id='word_1_363' title='bbox 175 2974 238 3025; x_wconf 73' lang='lat' dir='ltr'>P’,</span> <span class='ocrx_word' id='word_1_364' title='bbox 284 2976 526 3026; x_wconf 87' lang='lat' dir='ltr'>sepulcrum</span> <span class='ocrx_word' id='word_1_365' title='bbox 571 2977 805 3026; x_wconf 83' lang='lat' dir='ltr'>naufragos</span> <span class='ocrx_word' id='word_1_366' title='bbox 848 2975 1116 3025; x_wconf 85' lang='lat' dir='ltr'>sepelivisse,</span> <span class='ocrx_word' id='word_1_367' title='bbox 1164 2975 1204 3012; x_wconf 91' lang='lat' dir='ltr'>id</span> <span class='ocrx_word' id='word_1_368' title='bbox 1249 2986 1332 3012; x_wconf 90' lang='lat' dir='ltr'>non</span> <span class='ocrx_word' id='word_1_369' title='bbox 1378 2974 1520 3012; x_wconf 85' lang='lat' dir='ltr'>minus</span> <span class='ocrx_word' id='word_1_370' title='bbox 1558 2974 1809 3023; x_wconf 83' lang='lat' dir='ltr'>corrigentis</span> 
     </span>
     <span class='ocr_line' id='line_1_44' title="bbox 174 3037 1810 3091; baseline -0.002 -11"><span class='ocrx_word' id='word_1_371' title='bbox 174 3052 350 3080; x_wconf 82' lang='lat' dir='ltr'>manum</span> <span class='ocrx_word' id='word_1_372' title='bbox 388 3042 546 3091; x_wconf 88' lang='lat' dir='ltr'>prodit,</span> <span class='ocrx_word' id='word_1_373' title='bbox 587 3053 715 3091; x_wconf 90' lang='lat' dir='ltr'>quam</span> <span class='ocrx_word' id='word_1_374' title='bbox 756 3053 838 3079; x_wconf 87' lang='lat' dir='ltr'>vox</span> <span class='ocrx_word' id='word_1_375' title='bbox 875 3043 977 3084; x_wconf 86' lang='grc' dir='ltr'><em>ναῦς</em></span> <span class='ocrx_word' id='word_1_376' title='bbox 1011 3052 1088 3090; x_wconf 85' lang='grc' dir='ltr'>Ρι·ο</span> <span class='ocrx_word' id='word_1_377' title='bbox 1117 3038 1193 3085; x_wconf 79' lang='grc' dir='ltr'>νύξ</span> <span class='ocrx_word' id='word_1_378' title='bbox 1221 3041 1378 3089; x_wconf 87' lang='lat' dir='ltr'>scripta</span> <span class='ocrx_word' id='word_1_379' title='bbox 1407 3042 1446 3078; x_wconf 86' lang='lat' dir='ltr'>et</span> <span class='ocrx_word' id='word_1_380' title='bbox 1477 3040 1682 3089; x_wconf 81' lang='lat' dir='ltr'>particula</span> <span class='ocrx_word' id='word_1_381' title='bbox 1710 3037 1810 3078; x_wconf 77' lang='grc' dir='ltr'><em>ποτὲ</em></span> 
     </span>
     <span class='ocr_line' id='line_1_45' title="bbox 174 3105 1452 3156; baseline -0.001 -11"><span class='ocrx_word' id='word_1_382' title='bbox 174 3106 528 3156; x_wconf 79' lang='lat' dir='ltr'>epigrammatum</span> <span class='ocrx_word' id='word_1_383' title='bbox 558 3107 729 3156; x_wconf 85' lang='lat' dir='ltr'>propria</span> <span class='ocrx_word' id='word_1_384' title='bbox 761 3105 832 3154; x_wconf 85' lang='lat' dir='ltr'>(cf.</span> <span class='ocrx_word' id='word_1_385' title='bbox 864 3105 890 3156; x_wconf 61' lang='grc' dir='ltr'>ἓ</span> <span class='ocrx_word' id='word_1_386' title='bbox 923 3106 998 3144; x_wconf 91' lang='grc'>122</span> <span class='ocrx_word' id='word_1_387' title='bbox 1029 3117 1068 3144; x_wconf 90' lang='lat' dir='ltr'>n.</span> <span class='ocrx_word' id='word_1_388' title='bbox 1102 3105 1194 3155; x_wconf 86' lang='grc'><strong>161)</strong></span> <span class='ocrx_word' id='word_1_389' title='bbox 1226 3106 1452 3144; x_wconf 82' lang='lat' dir='ltr'>eliminata.</span> 
     </span>
     <span class='ocr_line' id='line_1_46' title="bbox 1611 3169 1677 3204; baseline 0.015 -1"><span class='ocrx_word' id='word_1_390' title='bbox 1611 3169 1677 3204; x_wconf 74' lang='lat'>16*</span> 
     </span>
    </p>
   </div>
  </div>
 </body>
</html>
