2072 3568
919 253 967 292 41
1530 253 1555 306 g
1586 254 1659 304 22,
1692 254 1755 293 23.

125 379 163 421 si
197 390 402 429 umquam
440 379 691 418 concinnata
728 390 822 418 esse
851 379 943 418 visa
971 379 1071 428 eri't,
1114 391 1198 418 non
1229 379 1485 418 simillimam
1515 379 1644 429 priori
1675 391 1758 418 non

124 444 259 485 fuisse
286 444 601 484 concedendum
630 444 728 492 erit;
759 455 918 494 neque,
950 444 1120 494 opinor,
1153 444 1196 482 id
1225 445 1334 494 fugit
1359 444 1592 483 Kaibelium
1618 445 1758 494 ipsum

124 509 377 550 scribentem
401 509 524 549 GGA.
552 509 653 548 1892
678 521 719 559 p.
744 509 815 548 97:
850 509 930 548 ‘die
949 510 1090 548 zweite
1109 509 1307 560 Ausgabe
1326 511 1489 548 musste
1508 510 1565 547 im
1585 512 1759 548 wesent·

123 575 258 615 lichen
297 575 372 613 mit
409 574 484 613 der
514 575 655 614 ersten
684 574 892 614 identisch
922 573 1044 613 sein'.
1091 575 1199 613 Tum
1229 587 1330 614 vero
1359 575 1534 614 alteram
1566 575 1759 625 Sylloges

123 640 347 685 editionem
390 651 594 689 umquam
637 640 826 678 extitisse
867 640 1112 690 negandum
1154 642 1230 679 est.
1277 640 1422 679 Kaibel
1460 651 1562 679 sane
1598 640 1758 678 addidit

127 705 196 744 ‘im
239 703 572 754 wesentliehen’,
623 707 670 743 ut
714 705 967 755 discrimen,
1019 705 1133 754 quod
1176 705 1284 744 inter
1325 705 1588 744 Aristotelem
1632 706 1759 755 atque

123 771 448 821 Aristophanem
476 771 612 820 extat,
645 759 967 820 explicationem
998 782 1120 810 suam
1150 771 1335 810 haberet.

175 835 337 882 Quodsi
365 847 413 875 ea
443 836 533 886 via,
573 847 703 885 quam
732 835 956 886 ingressus
985 838 1048 875 est
1079 837 1245 887 Kaibel,
1279 839 1326 875 ut
1358 836 1550 887 Sylloges
1579 838 1757 875 aetatem

26 886 58 940 ζ’ξξ
123 900 416 950 constitueret,
443 900 555 940 nihil
583 900 856 950 proficimus,
889 901 971 940 alia
1000 901 1202 940 tentanda
1231 903 1308 940 est.
1361 901 1484 946 Quod
1512 901 1757 950 perhibetur

42 970 47 1007 ζ
122 965 236 1016 apud
279 966 378 1004 PW.
396 966 527 1004 -RE.
575 966 609 1005 I.
656 965 762 1005 2380
803 965 1003 1016 Syllogen
1045 966 1330 1005 Simonideam
1373 967 1622 1005 adornatam
1664 977 1757 1005 esse

126 1030 277 1070 ‘sicher
314 1042 391 1069 vor
428 1030 714 1081 Aristoteles',
756 1031 799 1069 id
837 1032 955 1070 nullo
991 1032 1134 1081 itaque
1171 1032 1320 1071 nititur
1357 1032 1647 1071 fundamento.
1694 1031 1755 1070 Ad

9 1096 55 1149 ij
120 1095 234 1136 locos
261 1098 404 1135 autem
432 1096 628 1135 laudatos
658 1097 803 1135 redibo
834 1095 860 1148 ξ
891 1097 955 1136 37.

177 1159 203 1212 ἓ
233 1160 297 1200 23.
357 1159 673 1202 Reitzenstein.
733 1163 857 1201 Nunc
885 1162 1189 1212 inquirendum
1217 1164 1302 1213 est,
1340 1175 1443 1201 num
1474 1163 1755 1201 Reitzenstein

124 1224 183 1277 (p.
230 1225 457 1277 108—116)
503 1227 748 1276 sequendus
791 1227 984 1266 videatur
1026 1228 1069 1266 in
1112 1240 1160 1267 ea
1202 1240 1331 1278 quam
1373 1228 1464 1267 iniit
1511 1228 1590 1267 via.
1648 1228 1753 1267 Cum

8 1290 62 1351 {ts‘
121 1291 274 1332 habeat
311 1292 392 1332 sibi
429 1303 685 1342 persuasum
713 1292 748 1343 6)
790 1305 870 1332 v.c.
913 1293 986 1331 diu
1024 1295 1119 1343 post
1157 1295 1304 1343 poetae
1340 1295 1517 1332 aetatem
1555 1293 1753 1343 Syllogen

7 1353 12 1379 3
48 1373 50 1375 ’
120 1367 214 1397 esse
249 1357 546 1407 compositam,
588 1358 818 1397 terminum
858 1358 1090 1408 quaesivit,
1132 1361 1230 1398 ante
1267 1370 1393 1408 quem
1431 1358 1616 1397 collectio
1644 1359 1754 1397 facta

119 1432 214 1462 esse
255 1422 460 1462 videatur.
507 1422 646 1468 Quam
685 1423 1002 1472 inquisitionem
1041 1436 1135 1463 eum
1174 1424 1499 1474 investigatione
1536 1423 1754 1462 coniunxit

119 1486 173 1527 de
209 1488 393 1538 ratione,
435 1500 519 1538 qua
548 1489 855 1539 epigrammata
885 1490 1122 1539 conquisita
1151 1492 1305 1528 essent.
1354 1490 1544 1528 Primum
1574 1489 1755 1538 probare

121 1552 284 1592 studuit
333 1553 605 1593 Collectorem
654 1554 961 1604 epigrammata
1010 1566 1061 1593 ex
1109 1555 1321 1605 lapidibus
1370 1554 1474 1604 ipsis
1524 1554 1748 1604 petivisse,

46 1607 60 1623 ⁵
119 1616 270 1658 deinde
309 1618 423 1657 illius
465 1619 674 1658 transitus
717 1619 894 1670 vestigio
932 1620 1067 1658 utitur
1104 1620 1157 1659 ad
1195 1620 1445 1669 terminum,
1492 1621 1589 1659 ante
1627 1631 1751 1668 quem

44 1685 59 1688 ’
121 1682 240 1734 origo
271 1683 464 1734 Sylloges
493 1684 688 1734 ponenda
720 1685 926 1734 videatur,
960 1685 1315 1724 constituendum.
1351 1685 1485 1723 Priori
1514 1685 1622 1723 thesi
1652 1685 1754 1723 haec

29 1738 58 1804 ’,ἶ
119 1747 244 1788 affert
285 1750 551 1800 argumenta.
603 1749 681 1799 Ep.
731 1749 808 1789 148
849 1750 1063 1789 conditum
1108 1762 1202 1790 esse
1244 1751 1410 1789 videtur
1453 1750 1506 1789 ab
1549 1750 1753 1800 Antigene

124 1812 415 1864 (Wilamowitz
445 1815 592 1854 Herm.
624 1815 688 1854 20.
723 1815 774 1854 68
803 1814 944 1866 sqq.),
977 1828 1239 1866 quamquam
1268 1816 1417 1854 titulus
1447 1815 1527 1854 ΑΡ.
1557 1815 1675 1853 XIII.
1702 1815 1753 1853 28

118 1877 294 1929 ambigit
322 1878 432 1918 inter
461 1880 759 1931 Bacchylidem
789 1882 917 1930 atque
948 1881 1220 1920 Simonidem.
1255 1881 1375 1920 Unde
1398 1881 1535 1919 effecit
1561 1892 1640 1919 v.c.
1669 1880 1751 1929 epi-

2 1942 3 1946 ’
32 1948 55 1995 „3⁴
118 1954 310 1994 gramma
340 1956 389 1984 ea:
418 1943 575 1996 lapide
602 1946 848 1995 pervenisse
876 1946 918 1985 in
950 1946 1192 1986 Collectoris
1221 1958 1396 1995 manus,
1435 1946 1508 1995 qui
1538 1948 1750 1984 auctorem

114 2007 252 2064 ‚luisse
291 2010 544 2050 alterutrum
586 2012 752 2061 poetam
792 2011 924 2051 Ceum
966 2012 1184 2051 coniceret.
1232 2012 1283 2050 At
1325 2013 1422 2050 ante
1463 2011 1603 2050 omnia
1642 2011 1751 2049 Reit-

48 2077 55 2099 i

118 2074 346 2114 zensteinio
381 2075 763 2115 demonstrandum
801 2077 939 2115 fuerat
978 2077 1057 2116 hoc
1085 2077 1194 2115 tituli
1223 2075 1357 2116 dubii
1384 2077 1644 2126 epigramma
1674 2076 1750 2114 lec-

36 2130 70 2197 μῘχῗ
117 2139 209 2179 tum
245 2139 380 2179 fuisse
415 2141 459 2179 in
497 2152 545 2180 ea
586 2141 778 2192 Sylloge,
820 2153 930 2191 quae
967 2142 1272 2192 epigrammata
1302 2139 1540 2181 Simonidi
1567 2141 1749 2189 ascripta

41 2212 45 2230 ῑ
117 2203 360 2245 contineret.
407 2205 530 2252 Quod
571 2218 621 2246 eo
663 2207 799 2257 magis
841 2207 878 2245 ei
921 2207 1207 2249 necessarium
1249 2209 1359 2256 erat,
1407 2207 1520 2256 quod
1560 2206 1748 2244 nondum

39 2258 65 2314 ss.
117 2269 393 2309 constitutum
433 2272 545 2321 erat,
593 2283 703 2321 quae
745 2272 894 2311 decimi
938 2272 1047 2310 tertii
1090 2272 1366 2321 Anthologiae
1406 2271 1619 2310 Palatinae
1654 2269 1749 2308 libri

111 2336 228 2374 esset
254 2335 436 2387 orig07).
471 2336 554 2376 Sed
583 2337 650 2376 fac
679 2337 1053 2376 Reitzensteinium
1086 2340 1195 2377 recte
1225 2336 1461 2387 sumpsisse
1489 2336 1749 2386 epigramma

117 2398 295 2440 affuisse
333 2401 377 2440 in
423 2401 594 2452 Sylloge
639 2402 895 2441 Simonidea.
949 2402 1054 2447 Quis
1097 2404 1238 2441 autem
1281 2401 1573 2440 demonstrare
1613 2402 1748 2450 potest

118 2463 476 2506 collectorem
518 2467 695 2518 ipsum
736 2468 998 2518 epigramma
1035 2479 1086 2506 ex
1124 2467 1262 2517 lapide
1298 2466 1607 2516 descripsisse?
1652 2466 1747 2515 Epi-

117 2533 352 2582 grammata
381 2543 505 2582 sane,
547 2544 658 2582 quae
688 2545 834 2572 revera
865 2533 1080 2582 quondam
1111 2533 1311 2571 marmori
1341 2532 1550 2581 insculpta
1581 2532 1622 2569 in
1657 2530 1747 2581 Syl-

116 2592 238 2646 logon
278 2595 562 2636 Simonideam
603 2601 769 2647 recepta
808 2600 932 2647 sunt,
974 2598 1204 2647 aliquando
1233 2598 1286 2636 ab
1316 2596 1653 2645 homine.aliquo
1684 2596 1746 2634 vel

46 2666 144 2717 {³2⁴⁸
181 2660 377 2711 pluribus
419 2662 664 2702 hominibus
705 2663 916 2713 descripta
940 2668 1054 2702 'esse
1096 2675 1267 2702 necesse
1309 2665 1385 2701 est.
1446 2662 1565 2702 Unde
1607 2663 1746 2700 tamen

51 2826 88 2894 ,τῖ’
159 2841 192 2885 ⁶)
234 2844 370 2879 Nititur
396 2848 607 2880 auctoritate
632 2847 779 2880 Kaibelii
805 2852 911 2890 atque
935 2847 1194 2881 Wilmnowitzii
1219 2847 1384 2889 (qnorum
1410 2848 1500 2879 alter
1523 2857 1562 2878 ca
1587 2851 1745 2885 tantum,

117 2908 206 2943 quae
230 2899 248 2943 fi
268 2901 312 2935 22
335 2902 411 2936 init.
435 2904 593 2946 laudavi,
626 2903 880 2946 affirmaverat,
904 2905 1056 2937 alterum
1082 2905 1183 2936 iustis
1208 2914 1274 2936 non
1303 2914 1403 2935 usum
1429 2913 1503 2935 esse
1527 2903 1746 2943 argumentis

50 2962 62 2970 ‘
115 2954 355 2991 demonstrare
385 2960 506 2992 studui
539 2961 573 2992 in
606 2961 727 2993 eadem
754 2959 804 3001 §):
838 2959 927 2993 ‘dass
959 2961 1019 2992 «ies
1050 2959 1246 2992 Simonides
1279 2960 1497 3001 Epigramme
1529 2963 1596 2991 ers-t
1631 2960 1747 3000 span-1·

115 3014 324 3054 gesammelt
348 3015 510 3058 wurden‚
534 3017 627 3049 steht
653 3017 770 3058 liingst
794 3016 904 3049 durch
932 3016 1164 3050 Wilumowitz
1190 3016 1259 3047 und
1289 3015 1406 3047 Knibel
1431 3016 1566 3047 siclier'.

63 3054 85 3083 ³7⁶
158 3064 189 3108 ⁷)
234 3067 283 3102 De
306 3070 369 3103 hoc
394 3070 459 3104 ΑΡ.
484 3071 572 3104 libro
596 3072 680 3114 quid
705 3072 854 3105 sentiam
881 3071 1022 3113 exposui
1049 3070 1065 3111 ἓ
1088 3071 1141 3103 94.
1169 3071 1216 3103 De
1241 3071 1503 3112 epigrammatis
1529 3071 1622 3102 tituli
1648 3070 1742 3102 dubii

20 3128 21 3132 ¹
115 3121 160 3156 ct.
181 3121 199 3164 5
220 3122 273 3158 96.
