2072 3568
954 248 1032 288 235
1658 248 1683 300 g
1716 249 1805 288 137.

172 373 292 420 Quae
320 385 403 412 vox
432 385 587 411 rursus
617 375 716 412 nata
747 374 800 412 sit
829 385 1001 412 necesse
1029 376 1093 412 est
1121 385 1172 411 ex
1202 374 1355 422 altera,
1392 385 1502 422 quae
1530 386 1615 412 una
1646 374 1809 423 syllaba

172 438 342 477 brevior
379 439 512 476 metro
550 438 794 487 quadraret.
837 438 949 483 Quid
978 437 1143 488 igitur?
1187 437 1533 477 Collector'dedit
1563 437 1810 489 Δαμαρέτας

177 503 242 542 ‘ex
278 515 384 542 auro
420 503 669 542 Damaretae
707 504 845 552 tripus
883 504 1100 542 confectus
1137 501 1231 541 est'.
1274 503 1639 552 Interpretationis
1668 506 1809 542 autem

172 580 302 608 causa
339 568 513 617 quidam
553 568 858 618 suprascripsit
897 568 1038 607 verbis
1078 566 1326 618 Δαμαρέτας
1363 570 1523 619 χρυσοῦ
1555 569 1809 607 vocabulum

173 631 505 684 ὅαμαρετ(ε)ίου,
548 633 662 683 quod
701 645 778 683 pro
816 633 1074 672 correctione
1112 633 1296 672 nominis
1332 633 1502 683 reginae
1540 633 1731 672 habitum
1765 634 1807 672 in

171 700 333 738 textum
361 698 503 748 ipsum
533 710 557 737 a
586 698 760 737 librario
788 698 974 748 quodam
995 699 1210 747 receptum
1231 700 1307 736 est.
1341 698 1510 736 Tertius
1530 698 1656 736 homo
1676 700 1810 737 metro

171 776 288 803 nunc
329 763 582 802 claudicanti
626 763 856 802 subvenire
898 763 1075 813 cupiens
1116 763 1350 813 irreligiose
1388 763 1596 812 syllabam
1634 764 1808 802 alteram

170 829 380 869 facessere
416 829 554 868 iussit.
602 829 653 867 In
693 829 803 868 hanc
839 829 1124 868 coniecturam
1162 829 1245 867 iam
1283 829 1488 868 inciderat
1527 830 1693 879 Bergk,
1737 831 1809 878 qui

171 896 313 934 tamen
342 906 435 933 eam
465 895 611 944 postea
640 905 719 943 pro
748 891 999 944 Δαμαρέτου
1029 894 1190 933 abiecit.
1224 894 1297 931 Vir
1325 894 1374 933 cl.
1404 894 1626 932 inventum
1655 906 1805 944 suum,

170 960 343 1010 opinor,
389 971 476 998 non
519 959 699 997 missum
743 959 936 1009 fecisset,
984 959 1019 998 si
1063 959 1150 998 vitii
1193 959 1401 1009 originem
1445 971 1528 997 non
1573 960 1809 998 vehementi

171 1025 414 1074 mutationi,
467 1024 541 1063 sed
589 1024 943 1074 subsequentium
991 1024 1263 1063 librariorum
1309 1025 1443 1062 errori
1491 1024 1720 1063 tribuisset.
1775 1025 1810 1062 A

170 1089 419 1140 quaestione
455 1089 771 1139 archaeologica
801 1089 853 1127 de
882 1089 1054 1129 Gelonis
1083 1090 1260 1138 eiusque
1289 1089 1471 1128 fratrum
1500 1090 1688 1128 donariis
1719 1090 1809 1128 Del-

171 1155 328 1204 phicis,
370 1155 422 1193 de
459 1155 618 1204 quibus
655 1155 699 1193 in
739 1156 858 1204 parte
892 1154 1022 1193 huius
1050 1154 1416 1193 commentationis
1445 1155 1598 1204 altera,
1640 1167 1736 1193 cum
1765 1155 1807 1193 in

170 1220 489 1271 epigrammatis
544 1220 751 1270 originem
808 1220 1112 1269 inquirendum
1163 1221 1267 1269 erit,
1328 1220 1625 1269 disputaturus
1682 1232 1805 1270 sum,

171 1284 363 1335 quaestio
399 1285 523 1324 unice
560 1285 703 1324 critica
742 1285 795 1324 de
830 1286 909 1324 hac
940 1285 1085 1324 textus
1112 1284 1149 1324 S
1172 1284 1348 1323 lectione
1376 1296 1555 1334 prorsus
1584 1287 1647 1323 est
1677 1297 1809 1324 secer-

172 1351 312 1390 nenda
341 1349 392 1400 7).

223 1416 261 1455 5.
321 1416 654 1466 Epigrammatis
694 1415 770 1454 137
809 1416 918 1454 trad.
965 1415 1017 1465 S,
1063 1427 1087 1454 a
1124 1415 1294 1454 Timaeo
1330 1427 1382 1453 ex
1423 1415 1593 1465 Sylloge
1629 1416 1805 1465 hausta,

172 1492 259 1520 non
297 1480 463 1530 integra
503 1480 576 1519 sed
613 1480 835 1519 immutata
873 1480 1043 1519 duabus
1083 1479 1162 1518 viis
1201 1480 1254 1518 ad
1283 1492 1362 1518 nos
1391 1481 1605 1530 pervenit,
1649 1493 1706 1519 sc.
1735 1492 1810 1530 per

173 1546 567 1594 Chamaeleontem,
615 1546 688 1595 qui
731 1557 821 1584 var.
865 1546 889 1584 3
932 1544 1132 1597 εὔχεσθαι
1174 1557 1197 1584 e
1237 1545 1477 1584 coniectura
1521 1546 1716 1595 scripsit,
1763 1547 1809 1583 ut

170 1611 352 1650 mediam
395 1611 516 1649 daret
557 1611 776 1650 lectionem
819 1611 928 1649 inter
970 1611 1168 1649 lectiones
1211 1611 1243 1648 A
1281 1608 1504 1662 εὐχόμεναι
1541 1613 1580 1649 et
1621 1611 1649 1650 S
1687 1609 1808 1656 εὐξά-

169 1689 313 1727 μεναι,
360 1678 401 1714 et
442 1687 518 1725 per
561 1676 859 1725 Plutarchum,
905 1676 979 1725 qui
1023 1687 1112 1714 var.
1155 1676 1178 1714 5
1222 1687 1300 1725 pro
1342 1675 1517 1714 lectione
1557 1676 1585 1714 S
1627 1673 1810 1726 Πέρσαις

170 1753 222 1780 ex
265 1741 490 1780 traditione
532 1742 565 1780 A
606 1742 795 1781 servavit
837 1739 1018 1793 Μήδοις.
1063 1742 1122 1780 De
1150 1743 1267 1780 textu
1300 1741 1328 1780 S
1360 1741 1692 1780 reconstruendo
1723 1741 1804 1780 vid.

174 1808 391 1857 praeterea
423 1806 448 1858 ἓ
480 1807 543 1846 31.

224 1872 262 1910 6.
322 1872 400 1921 Ep.
431 1871 507 1910 108
535 1872 578 1910 in
608 1872 716 1911 trad.
750 1872 778 1911 S
809 1872 963 1922 legitur
992 1872 1074 1910 ΑΡ.
1100 1872 1193 1910 VII.
1223 1871 1300 1911 254
1333 1870 1402 1921 (ex
1426 1871 1546 1921 Syll„
1575 1872 1626 1910 cf.
1650 1870 1675 1922 ἓ
1695 1871 1804 1921 101),

169 1937 278 1976 trad.
310 1937 344 1975 A
373 1939 515 1976 autem
544 1949 629 1976 non
659 1937 773 1987 apud
795 1937 1043 1987 scriptorem
1065 1936 1247 1986 aliquem
1268 1938 1437 1975 servata
1457 1938 1541 1986 est,
1576 1937 1649 1975 sed
1673 1936 1809 1985 ipsius

170 2001 398 2052 fragmenti
449 2002 728 2052 apographon
773 2002 965 2051 pervenit
1009 2002 1052 2040 in
1098 2001 1202 2041 CIA.
1251 2002 1307 2040 II.
1357 2001 1477 2049 1677;
1524 2001 1577 2039 cf.
1627 2000 1651 2051 ξ
1696 2001 1804 2051 41,3.

170 2067 381 2112 Quoniam
421 2067 615 2106 Wilhelm
657 2065 715 2117 (p.
758 2066 880 2117 223),
923 2067 996 2116 qui
1035 2067 1210 2117 agnovit
1244 2067 1553 2116 fragmentum,
1586 2078 1638 2104 ex
1668 2066 1808 2104 verbis

170 2129 394 2184 στοιχηδὸν
430 2132 575 2171 incisis
613 2133 922 2171 demonstravit
960 2132 1161 2177 carminis
1197 2143 1350 2171 versus
1379 2132 1571 2181 singulos
1601 2132 1642 2170 in
1672 2131 1810 2181 lapide

170 2197 264 2248 ipso
300 2209 455 2236 novam
490 2197 714 2236 incohasse
750 2198 927 2247 lineam,
979 2197 1197 2247 probabile
1233 2199 1319 2246 est,
1371 2209 1447 2236 nec
1483 2208 1583 2235 vero
1620 2199 1804 2247 certum,

172 2262 444 2302 Collectorem
473 2263 634 2301 textum
665 2274 750 2301 non
781 2264 985 2301 mutasse.

226 2328 260 2366 7.
322 2328 401 2377 Ep.
433 2328 508 2367 105
538 2328 580 2366 in
610 2328 720 2366 trad.
754 2328 782 2366 S
812 2329 927 2366 extat
956 2328 1038 2366 ΑΡ.
1063 2328 1156 2367 VII.
1186 2328 1264 2366 258
1295 2326 1363 2377 (ex
1396 2327 1525 2377 Syll.,
1558 2327 1610 2365 cf.
1642 2326 1666 2378 ξ
1696 2326 1804 2377 101),

170 2393 409 2432 traditionis
438 2393 471 2431 A
502 2393 726 2442 vestigium
757 2394 923 2432 tantum
952 2393 1284 2442 deprehenditur
1313 2393 1356 2430 in
1386 2392 1637 2440 imitatione,
1678 2403 1807 2441 quam

169 2458 340 2497 laudavi
369 2457 394 2508 ξ
423 2457 556 2507 122,1.
591 2458 698 2498 Cum
725 2458 854 2497 verba
880 2458 1174 2508 epigrammati
1198 2458 1440 2496 Simonideo
1460 2469 1556 2496 cum
1578 2457 1810 2496 imitatione

170 2523 410 2562 communia
456 2523 660 2563 Collector
704 2535 788 2562 non
833 2523 1040 2573 tetigerit,
1088 2523 1270 2561 fortasse
1312 2524 1536 2562 autumare
1577 2522 1670 2561 licet
1711 2534 1807 2561 eum

170 2590 306 2627 cetera
336 2599 507 2638 quoque
535 2588 700 2639 integra
729 2589 773 2627 in
803 2588 912 2627 trad.
949 2588 992 2628 S.
1028 2588 1237 2638 recepisse
1251 2587 1301 2638 ⁸).

214 2775 244 2819 7)
291 2778 464 2820 Imprimis
499 2779 612 2812 textui
648 2780 671 2812 S
706 2779 855 2812 nimium
890 2779 1093 2812 tribuerunt
1124 2779 1145 2811 ii
1181 2780 1242 2811 viri
1275 2780 1478 2820 clarissimi,
1514 2779 1574 2821 qui
1608 2780 1807 2820 nuperrime

170 2833 213 2866 de
250 2833 303 2866 his
336 2834 490 2867 donariis
525 2835 812 2877 disputaverunt,
847 2846 892 2868 sc.
933 2835 1089 2867 llomollc
1123 2839 1159 2868 et
1198 2835 1347 2867 steinach
1385 2835 1442 2874 (rs.
1482 2836 1497 2872 ,ξ
1529 2835 1574 2873 2).
1612 2835 1661 2867 Cs.
1691 2837 1806 2867 llusolt

172 2887 226 2922 11².
255 2889 319 2921 797
346 2901 378 2923 n.
406 2889 437 2924 1.

213 2944 245 2986 8)
293 2945 362 2978 lloc
386 2947 458 2979 loco
484 2947 537 2979 his
559 2948 824 2989 epigrammatis
849 2958 916 2980 non
942 2947 1207 2987 adiungendum
1234 2951 1287 2979 ost
1311 2957 1363 2988 cp.
1390 2947 1592 2987 mogun-ense
1623 2947 1681 2979 107
1709 2948 1808 2979 unire

171 3002 205 3033 in
232 3002 318 3034 tmd.
344 3002 367 3035 S
390 3006 569 3036 servatum·
593 3004 643 3044 (in
672 3014 844 3036 marmore
869 3003 886 3043 ,ξ
911 3003 986 3044 w),
1011 3003 1112 3035 cuins
1139 3004 1284 3035 sormam
1312 3003 1512 3043 prinmrimn
1541 3003 1645 3034 innius
1669 3003 1807 3035 distichi

172 3061 292 3098 postea
314 3058 473 3100 quinquo
496 3060 655 3092 distichis
679 3060 929 3101 amplificatam
956 3069 1031 3091 esse
1057 3062 1158 3091 acute
1185 3059 1358 3091 intellexit
1385 3058 1550 3090 wilhelm
1578 3069 1606 3099 p.
1630 3058 1714 3099 24:33
1738 3069 1808 3101 qun

171 3123 208 3146 re
232 3113 479 3156 distinguenda
502 3119 556 3148 est
580 3116 693 3148 forma
717 3114 759 3147 A·
786 3116 829 3148 ab
854 3114 915 3157 A²‚
938 3125 1029 3157 quae
1056 3125 1116 3156 per
1139 3115 1304 3157 Syllogen
1331 3114 1575 3156 coronamque
1601 3115 1635 3146 in
1661 3114 1808 3147 Helladii
