2072 3568
378 218 479 273 Cap.
517 214 575 261 11.
1170 212 1222 258 46

2048 131 2070 161 a

2056 162 2072 181 ,ἒ

2060 191 2072 207 Α

2048 211 2072 246 -ε,

378 345 491 397 quod
516 346 567 386 iis
589 342 876 397 temporibus,
908 342 1068 395 quibus
1088 343 1395 395 epigrammata
1418 340 1486 383 illa
1507 339 1676 384 condita
1697 344 1823 395 sunt,
1853 351 1904 386 ea
1924 340 2019 387 alne
2067 326 2072 330 γ’

379 416 524 463 poetae
545 412 794 451 auctoritate
816 410 1106 461 vulgabantur
1127 421 1175 448 ac
1196 408 1560 460 propagabantur.
1589 409 1787 450 Ceterum
1807 409 2018 462 epigram·

379 481 490 518 mata
518 477 704 517 auctoris
735 476 905 516 nomine
934 487 1017 515 non
1050 474 1212 514 munita
1241 474 1346 513 adeo
1374 473 1489 524 apud
1517 474 1695 514 Suidam
1714 477 1961 516 occurrunt.

432 544 493 583 Ea
533 542 780 593 praesertim
820 541 862 580 in
902 552 946 580 re
982 539 1302 590 epigrammatis
1339 539 1530 579 condicio
1566 542 1826 581 commutata
1851 539 2019 592 conspi-
2070 530 2072 532 ¹

378 610 508 658 citur,
547 608 661 658 quod
692 608 866 646 fuerunt
896 609 1063 656 poetae,
1096 605 1169 655 qui
1198 604 1518 656 epigrammatis
1545 604 1894 646 demonstrativis
1919 616 2019 647 con·
2068 630 2072 631 ν

378 675 528 714 dendis
575 685 621 713 se
666 672 927 723 applicarent
973 671 1416 721 epigrammatumque
1461 670 1635 710 ederent
1675 669 1897 712 corollaria
1937 681 2020 712 mo

380 740 549 780 nomine
573 738 789 788 inscripta.
825 737 970 776 Poesis
993 736 1061 775 illa
1087 735 1432 787 epigrammatica
1456 735 1676 786 epidictica
1699 747 1796 776 cum
1821 735 2016 787 norem,

379 805 512 844 fuisse
555 804 775 852 videntur,
826 802 899 852 qui
941 800 1275 852 epigrammatici
1318 804 1465 851 poetae
1507 800 1711 851 principis
1752 800 2021 853 aliorumque

380 870 506 920 prisci
549 869 641 909 aevi
685 870 905 919 poetarum
945 878 1212 906 summorum
1251 866 1497 917 (Sapphus,
1535 866 1836 916 Anacreontis,
1873 865 2019 907 Archi·

379 935 510 985 lochi,
544 933 834 984 Bacchylidis,
866 933 949 972 AP.
984 933 1053 971 1v.
1090 932 1124 971 1.
1158 931 1202 982 6,
1225 931 1296 981 35,
1320 931 1392 982 38,
1415 931 1486 981 34)
1518 931 1783 981 requirerent
1808 931 2020 983 epigram·

381 1004 540 1040 matum
578 998 785 1039 eiusmodi
814 998 1101 1048 collectiones,
1142 996 1291 1047 quales
1319 996 1562 1047 aequalium
1591 996 2015 1038 circumferebantur.

381 1066 458 1106 Cui
504 1065 714 1105 desiderio
751 1067 798 1103 ut
830 1063 1147 1112 satisfacerent,
1189 1064 1387 1112 fuerunt,
1427 1062 1502 1112 qui
1530 1064 1833 1113 componerent
1860 1062 1905 1102 in
1933 1063 2019 1103 sin-

380 1132 492 1182 gulis
522 1130 697 1181 syllogis
725 1130 1031 1179 epigrammata
1060 1140 1298 1179 anonyma,
1330 1139 1441 1178 quae
1468 1127 1521 1167 iis
1549 1128 1825 1178 antiquorum
1849 1127 2020 1169 illorum

381 1200 601 1248 poetarum
624 1207 719 1235 esse
743 1195 1011 1234 videbantur.
1048 1194 1219 1244 Sylloge
1245 1193 1488 1234 Simonidea
1514 1193 1645 1244 igitur
1669 1197 1769 1233 ante
1790 1193 2020 1234 Alexandri

381 1262 524 1313 Magni
553 1263 732 1301 aetatem
760 1260 935 1299 omnino
962 1259 1207 1299 concinnari
1238 1270 1322 1298 non
1352 1259 1502 1309 potuit.

434 1328 497 1367 Ab
547 1327 679 1366 altera
726 1328 867 1365 autem
915 1326 1036 1375 parte
1084 1324 1285 1375 Syllogen
1333 1324 1376 1363 in
1427 1323 1686 1364 Bibliotheca
1731 1323 2020 1366 Alexandrina

380 1393 559 1433 affuisse
596 1391 804 1431 affirmari
842 1391 948 1430 licet.
996 1388 1364 1430 Alexandrinam
1401 1389 1627 1429 editionem
1663 1389 2021 1441 epigrammatum

384 1458 726 1498 Simonideorum
769 1457 981 1507 Meleagro
1023 1455 1274 1506 praebuisse
1316 1455 1535 1505 probabile
1573 1459 1639 1495 est
1679 1454 1777 1495 νέων
1817 1452 2023 1508 οῖνάνθης

381 1522 522 1576 κλῆμα
562 1520 816 1574 Σιμωνίὸεω
856 1521 957 1572 (ΑΡ.
1000 1522 1070 1561 IV.
1107 1522 1142 1561 1.
1174 1521 1243 1571 8),
1286 1542 1336 1549 —-
1378 1521 1493 1571 quod
1531 1532 1609 1561 cur
1646 1520 1803 1562 iniuria
1840 1531 2023 1573 negante

382 1593 524 1640 putem
556 1588 919 1628 Wilamowitzium
957 1587 1095 1627 dicam
1137 1586 1163 1638 ξ
1193 1586 1259 1626 38.
1306 1587 1581 1627 confidenter
1609 1588 1827 1637 praetcrea
1855 1586 2022 1627 Daubio

382 1658 555 1694 auctore
593 1653 750 1704 (Fleck.
790 1653 863 1692 Jb.
906 1653 978 1692 XI.
1024 1652 1174 1702 Suppl.
1218 1652 1295 1691 Bd.
1336 1652 1439 1692 1880
1476 1664 1517 1702 p.
1550 1651 1647 1702 427)
1686 1649 2022 1705 ἐπιγραμμάτων

383 1720 638 1760 mentionem
684 1719 799 1769 apud
849 1718 1025 1757 Suidam
1075 1730 1114 1757 v.
1164 1715 1413 1770 Σιμωνίόης
1457 1717 1511 1757 ad
1559 1716 1805 1758 Callimachi
1849 1715 2022 1759 tabulas

385 1786 542 1825 referre
568 1795 800 1835 possumus
831 1783 902 1835 (cf.
937 1782 963 1835 ξ
996 1783 1106 1833 132).

436 1851 571 1890 Nimis
607 1852 749 1890 autem
786 1849 912 1888 debili
951 1849 1184 1888 niteremur
1220 1848 1499 1888 fundamento
1527 1848 1564 1887 si
1592 1848 1660 1887 his
1688 1846 1852 1888 finibus
1881 1846 2017 1900 (Alex.

385 1918 527 1967 Magn.
568 1918 648 1955 aet.
689 1937 741 1943 —
779 1913 965 1964 Gallim.)
1002 1917 1181 1954 aetatem
1214 1913 1409 1964 Sylloges
1437 1913 1772 1954 circumcludere
1798 1912 2018 1954 vellemus.

385 1983 557 2022 Certum
604 1983 746 2021 autem
793 1980 1049 2030 terminum,
1101 1978 1209 2020 ante
1253 1990 1380 2029 quem
1427 1978 1622 2030 Sylloges
1662 1978 1785 2030 origo
1825 1977 2022 2030 ponenda

386 2047 598 2097 videatur,
643 2046 947 2096 adipiscemur,
994 2045 1030 2084 si
1072 2045 1254 2095 scriptor
1295 2044 1473 2084 indicari
1515 2043 1691 2094 poterit,
1736 2043 1811 2094 qui
1849 2042 2024 2095 Sylloge

385 2124 492 2152 usus
534 2115 617 2160 est3
661 2114 823 2151 certum
865 2111 1118 2160 terminum,
1157 2110 1269 2161 post
1309 2121 1436 2160 quem
1482 2109 1683 2160 Syllogen
1724 2109 2023 2150 concinnatam

384 2190 478 2218 esse
506 2177 850 2218 constituendum
879 2177 955 2227 sit,
997 2177 1032 2215 si
1061 2176 1192 2215 fontis
1220 2176 1464 2226 cuiusdam,
1506 2186 1634 2226 quem
1662 2174 1869 2216 collector
1894 2185 2023 2216 umr-

386 2255 511 2294 passe
549 2243 734 2291 videtur,
779 2244 958 2282 aetatem
1000 2242 1180 2281 definire
1217 2241 1464 2292 poterimus.
1511 2241 1618 2280 Nam
1655 2240 2018 2292 disquisitionem,

385 2321 495 2359 quac
531 2310 585 2347 sit
622 2309 675 2348 de
712 2308 955 2348 collectoris
992 2307 1205 2357 fontibus,
1246 2307 1460 2346 artissime
1496 2306 1767 2346 coniunctam
1802 2316 1899 2346 esse
1923 2316 2023 2346 cum

386 2374 731 2424 investigatione,
777 2385 863 2423 qua
906 2373 1191 2426 constituatur
1231 2372 1426 2423 Syllogoe
1467 2375 1608 2421 aetas,
1652 2372 1737 2411 iam
1773 2371 1818 2412 In
1853 2381 2023 2422 praeeo-

385 2440 524 2479 dentis
554 2438 580 2490 ἕ
611 2439 698 2478 fine
725 2438 884 2478 monui.

440 2505 547 2544 Cum
586 2504 821 2543 Aristotelis
858 2503 1242 2553 Aristophanisque
1277 2502 1391 2541 locos
1429 2502 1587 2541 nullam
1626 2513 1800 2553 operam
1837 2500 2023 2552 polliceri

388 2569 619 2608 viderimus
663 2567 710 2619 (ἓ
754 2567 823 2618 22)
867 2568 1210 2617 inquirentibus,
1261 2567 1370 2606 ante
1409 2578 1536 2616 quem
1578 2567 1807 2607 terminum
1851 2565 2024 2622 Sylloge

388 2634 582 2685 ponenda
607 2634 683 2683 sit,
717 2634 862 2672 nullus
886 2633 1068 2683 scriptor
1092 2635 1239 2672 nostro
1263 2632 1362 2671 usui
1386 2632 1595 2671 inservire
1617 2643 1745 2682 posse
1764 2631 1948 2682 videtur,
1965 2650 2024 2683 „-
2064 2640 2065 2643 ’

389 2711 486 2738 nam
515 2698 807 2737 Aristodemus
835 2698 1132 2737 Aristarcheus
1164 2696 1211 2748 (ξ
1230 2697 1298 2746 77)
1326 2698 1533 2736 recentior
1556 2700 1621 2736 est
1643 2697 2020 2748 quaestionesque,

388 2776 498 2813 quae
526 2766 629 2802 sunt
655 2763 707 2802 de
735 2762 980 2802 condicione
1006 2763 1116 2801 inter
1140 2762 1400 2801 Simonidem
1425 2762 1483 2812 S>
1488 2762 1713 2812 llogenque
1736 2761 2023 2803 Simonidem

388 2832 517 2879 atque
543 2831 689 2879 poetas
718 2828 1027 2867 Alexandrinos
1054 2827 1447 2878 epigrammaticos,
1480 2828 1627 2877 procul
1652 2829 1754 2866 sunt
1777 2825 2020 2914 habendae,

389 2895 530 2943 quoad
558 2893 797 2933 traditionis
826 2893 1045 2932 historiam
1074 2904 1242 2932 omnem
1272 2893 1613 2943 cognoverimus.

442 2960 635 2998 Attamen
674 2970 788 2997 unus
825 2961 889 2997 est
926 2958 1127 3008 scriptor,
1169 2970 1193 2997 a
1231 2969 1317 3007 quo
1348 2957 1548 3008 Syllogen
1581 2956 1868 2996 Simonideam
1897 2967 2024 2995 usur·

391 3027 531 3074 patam
568 3035 663 3063 esse
699 3024 993 3065 demonstrare
1020 3035 1087 3063 me
1114 3034 1241 3074 posse
1267 3022 1459 3072 confido,
1501 3034 1559 3061 sc.
1597 3021 1820 3062 Timaeus.
1866 3020 2024 3067 Quam-

390 3101 518 3139 quam
563 3101 646 3128 non
690 3089 826 3139 ipsius
864 3089 1022 3128 Timaei
1064 3088 1352 3128 testimonium
1396 3087 1518 3126 nobis
1557 3089 1774 3137 superest,
1820 3086 1896 3126 sed
1930 3078 2024 3126 erni
