2072 3568
374 219 474 269 Cap.
510 218 565 257 Π.
1167 215 1219 254 70

373 344 579 383 adornata
615 354 710 381 esse
748 341 937 389 videtur,
979 340 1138 390 quippe
1174 339 1246 389 qui
1286 340 1435 378 auctor
1462 349 1487 377 a
1517 337 1748 378 collectore
1773 337 2013 388 usurpatus

374 409 409 447 is
439 409 515 457 sit,
547 407 662 458 quali
693 406 816 446 nobis
844 417 954 456 opus
982 416 1078 444 esse
1097 404 1285 443 diximus
1308 402 1355 454 (ἓ
1377 402 1447 452 24)
1469 402 1523 442 ad
1544 404 1723 443 aetatem
1746 401 2015 443 Simonideae

376 473 569 524 Sylloges
598 470 1043 511 circumscribendam.
1086 469 1218 520 Origo
1249 468 1444 519 Sylloges
1477 468 1561 508 iam
1590 478 1706 508 nunc
1733 467 1845 508 inter
1873 466 2014 519 Epho-

375 550 469 578 rum
522 540 650 588 atque
692 538 910 576 Timaeum
957 536 1042 585 (vel
1085 534 1327 574 accuratius
1369 533 1479 573 inter
1522 533 1683 584 Ephori
1725 531 2014 574 narrationem

374 615 545 655 pugnae
576 602 832 642 Salaminiae
860 613 908 641 ac
937 600 1095 640 Timaei
1124 600 1283 639 librum
1307 597 1555 650 septimum)
1586 598 1686 649 poni
1706 599 1858 650 potest.
1889 597 2015 646 Quod

375 669 576 720 temporis
605 668 791 719 spatium
820 667 945 707 etiam
975 667 1018 706 in
1048 666 1184 706 artius
1215 665 1349 716 redigi
1378 675 1505 715 posse
1534 676 1631 704 mox
1663 663 1916 704 videbimus.

431 734 456 785 ἓ
509 734 573 774 36.
634 730 1009 785 Epiyrammatis
1060 730 1147 771 137
1196 729 1381 771 testium
1426 730 1634 770 stemma.
1681 730 1920 780 Antequam
1960 727 2017 770 ad

379 801 573 851 Sylloges
613 798 881 839 Simonideae
908 800 1087 838 aetatem
1117 797 1229 836 intra
1259 796 1464 836 terminos
1493 796 1691 836 inventos
1720 794 2017 847 (Ephorum—

327 889 334 895 -
376 864 614 915 Timaeum)
645 864 886 904 accuratius
915 863 1202 903 definiendam
1232 862 1504 913 progrediar,
1537 872 1789 912 componam
1806 861 2018 912 epigram·

377 931 501 971 matis
543 931 616 970 137
655 930 826 970 testium
864 932 1043 969 stemma
1083 928 1187 979 (vid.
1230 939 1325 978 pag.
1361 926 1454 978 71),
1496 925 1857 977 quemadmodum
1894 924 2020 966 nobis

377 997 419 1035 in
458 996 741 1047 paragraphis
770 994 1121 1045 praecedentibus
1150 993 1496 1033 constituendum
1527 992 1766 1032 videbatur.
1798 990 2019 1032 Elementa

377 1062 457 1102 tria
506 1064 648 1101 notata
693 1063 794 1100 sunt
833 1060 943 1099 notis
983 1059 1176 1110 n(omen)
1194 1057 1441 1109 o(missum)
1481 1080 1534 1087 —
1573 1056 1827 1108 somonidis
1863 1067 2019 1097 nomen

377 1126 627 1177 adiectum);
667 1125 863 1176 u(xores)
902 1147 954 1153 —
990 1123 1291 1175 m(eretrices);
1331 1124 1498 1175 t(abula
1538 1122 1667 1174 picta)
1706 1144 1759 1152 --
1792 1120 2015 1174 s(tatuae).

380 1194 471 1232 Hoc
495 1204 630 1232 unum
657 1193 700 1231 in
726 1192 961 1231 stemmatis
985 1191 1122 1241 capite
1144 1190 1333 1229 indicare
1356 1201 1441 1228 non
1466 1189 1584 1239 potui
1607 1209 1662 1216 —
1684 1187 1801 1239 quod
1820 1187 1865 1228 In
1885 1186 2020 1228 altera

379 1259 508 1297 huius
537 1257 904 1297 commentationis
933 1258 1054 1307 parte
1072 1256 1448 1295 demonstraturus
1468 1266 1564 1294 sum
1587 1275 1636 1282 —
1658 1254 1738 1294 hoc
1756 1254 2020 1305 epigramma

381 1335 527 1363 revera
557 1335 581 1363 a
614 1322 831 1363 Simonide
858 1334 953 1362 esse
981 1322 1212 1361 conditum.
1246 1321 1394 1359 Testes
1422 1319 1675 1370 superstites
1698 1317 2016 1368 distractis,

380 1392 574 1429 auctores
603 1389 718 1439 apud
747 1400 820 1428 eos
848 1388 1007 1427 laudati
1038 1385 1349 1436 currentibus,
1391 1386 1417 1424 ii
1447 1387 1589 1424 autem
1618 1385 1869 1435 scriptores,
1909 1393 2021 1435 quos

380 1455 642 1505 epigramma
672 1465 1029 1494 commemorasse
1055 1452 1336 1501 coniecimus,
1383 1449 1666 1501 ‘vulgaribus’
1696 1449 1847 1490 litteris
1873 1449 2022 1501 scripti

382 1523 497 1559 sunt.
550 1520 731 1559 Litterae
758 1520 792 1558 A
821 1522 861 1558 et
893 1519 922 1558 S
954 1517 1200 1557 nominibus
1230 1516 1490 1567 praemissae
1517 1515 1788 1567 traditionem
1814 1514 2017 1555 indicant.

386 1586 445 1624 De
473 1586 645 1624 Lascari
675 1585 727 1624 cf.
760 1597 871 1634 quae
898 1584 986 1623 dixi
1018 1583 1043 1635 ξ
1074 1583 1125 1623 25
1155 1595 1196 1622 n.
1234 1582 1295 1621 17.

439 1649 465 1702 ξ
495 1651 559 1690 37.
622 1649 691 1690 De
727 1649 936 1701 Sylloyes
964 1649 1115 1689 aetate
1143 1646 1408 1688 accuratius
1436 1644 1724 1687 definienda.
1782 1643 2023 1685 Artioribus

382 1716 543 1755 finibus
582 1718 761 1755 aetatem
799 1715 993 1766 Sylloges
1032 1713 1402 1763 circumscriptum
1441 1712 1492 1751 iri
1521 1714 1644 1762 puto,
1675 1723 1774 1752 cum
1801 1711 1847 1751 in
1873 1721 2022 1751 eorum

383 1782 572 1821 locorum
618 1781 824 1820 rationem
867 1780 1119 1830 inquisitum
1161 1780 1263 1828 erit,
1314 1790 1424 1828 quos
1462 1777 1699 1817 Kaibelium
1735 1777 1792 1817 ad
1827 1775 2024 1828 Sylloges

382 1849 561 1886 aetatem
599 1846 886 1885 definiendam
923 1845 1170 1884 adhibuisse
1209 1844 1395 1883 vidimus
1432 1842 1479 1895 (ξ
1510 1842 1603 1893 22);
1632 1841 1869 1883 Aristotelis
1896 1841 2019 1882 Rhet-

384 1913 418 1951 1.
446 1912 484 1951 9‘.
511 1912 559 1951 31
591 1914 631 1951 et
659 1911 957 1962 Aristophanis
989 1910 1182 1961 Byzantii
1204 1910 1256 1949 tr.
1282 1909 1334 1948 22
1358 1909 1408 1948 N.
1434 1909 1550 1959 apud
1575 1908 1773 1948 Eustath.
1800 1906 1926 1958 1761,
1955 1906 2020 1947 16.

386 1978 466 2017 Hic
508 1989 573 2027 ep.
629 1977 704 2017 163
746 1976 988 2016 Simonidea
1027 1975 1278 2015 auctoritate
1313 1977 1513 2014 ornatum
1554 1974 1746 2023 exhibet,
1786 1984 1874 2024 qua
1908 1972 2025 2012 earet

384 2043 499 2093 apud
534 2043 672 2092 illum;
711 2043 785 2093 qui
822 2045 964 2082 tamen
1003 2042 1102 2081 huic
1140 2040 1436 2092 epigrammati
1464 2051 1529 2090 ep.
1565 2039 1638 2079 111
1672 2037 1879 2078 Simonidi
1906 2036 2025 2078 attri-

385 2109 537 2148 butum
573 2108 780 2158 adiungit.
827 2107 949 2153 Quod
993 2106 1223 2146 discrimen
1263 2106 1421 2156 Preger
1460 2103 1576 2155 (144)
1616 2104 1732 2143 hunc
1767 2103 1813 2143 in
1851 2102 2024 2143 modum

385 2173 595 2223 explicare
644 2175 824 2213 conatus
874 2174 959 2222 est,
1015 2174 1062 2210 ut
1104 2171 1431 2221 Aristophanem
1474 2169 1746 2220 neglegenter
1787 2167 2028 2219 inspexisse

387 2239 681 2278 Aristoteleum
718 2238 876 2277 librum
910 2238 1205 2277 arbitraretur.
1253 2236 1536 2276 Reitzenstein
1574 2247 1614 2286 p.
1659 2234 1736 2275 136
1762 2243 2027 2284 quamquam

386 2304 499 2344 bono
527 2315 635 2343 usus
664 2306 918 2355 argumento
947 2304 1179 2354 Pregerum
1211 2302 1412 2342 refutavit
1442 2324 1493 2329 —
1521 2299 1796 2351 Aristophani
1820 2297 2027 2350 Byzantio

386 2370 511 2409 talem
554 2369 775 2408 stultitiam
816 2369 1018 2419 imputari
1061 2380 1147 2408 non
1191 2379 1318 2418 posse
1359 2389 1432 2417 —,
1480 2370 1621 2406 tamen
1662 2366 1756 2416 ipse
1792 2361 2028 2405 Aristotelis

388 2435 599 2474 silentium
622 2435 731 2474 male
750 2445 987 2484 usurpasse
1006 2434 1108 2472 mihi
1129 2433 1297 2472 videtur
1316 2432 1370 2472 ad
1392 2433 1586 2472 ficticiam
1609 2430 1656 2483 (ξ
1677 2430 1731 2471 38
1748 2442 1791 2471 n.
1809 2428 1881 2481 54)
1902 2440 2027 2470 suam

389 2500 788 2549 Peloponnesiacam
821 2499 1015 2550 Sylloges
1046 2498 1314 2538 Simonideae
1342 2498 1631 2537 recensionem
1658 2495 1876 2536 tuendam.

442 2565 564 2610 Quod
590 2565 695 2604 alter
714 2565 897 2615 scriptor
915 2575 964 2603 ea
984 2566 1142 2613 aetate,
1171 2575 1256 2613 qua
1277 2564 1362 2603 iam
1385 2563 1586 2613 Syllogen
1607 2562 1798 2602 extitisse
1816 2560 2024 2609 vidimus,

389 2630 651 2680 epigramma
683 2629 915 2669 Simonidis
944 2629 1115 2669 nomine
1142 2629 1399 2667 instructum
1430 2628 1610 2678 profert,
1643 2627 1761 2676 alter,
1792 2637 1818 2666 a
1845 2636 1933 2677 quo
1960 2624 2029 2664 hie

391 2694 574 2745 pendere
611 2694 798 2743 videtur,
844 2706 1130 2744 anonymum,
1177 2694 1260 2742 sic,
1300 2694 1472 2743 opinor,
1513 2693 1768 2743 explicatur,
1808 2689 1924 2741 quod
1960 2687 2030 2729 ille

391 2759 533 2799 hausit
561 2771 731 2798 carmen
760 2771 811 2798 ex
840 2770 890 2798 eo
917 2758 1047 2808 libro,
1086 2759 1159 2808 qui
1190 2759 1300 2797 inter
1329 2760 1561 2807 utrumque
1589 2756 1847 2806 intercessit,
1884 2766 1944 2795 sc.
1974 2765 2030 2794 ex

394 2825 565 2875 Sylloge
586 2824 851 2873 Simonidea,
885 2825 927 2863 in
948 2836 1078 2874 quam
1099 2836 1123 2863 a
1151 2824 1381 2864 Collectore
1404 2835 1456 2862 ex
1482 2823 1560 2862 hoc
1584 2823 1791 2872 scriptore
1813 2821 2027 2876 receptum

330 2886 337 2893 '
391 2893 467 2929 est.
502 2891 652 2940 Itaque
670 2890 975 2940 Aristophanes
1001 2901 1085 2928 non
1107 2889 1328 2928 Aristotele
1347 2900 1455 2927 usus
1474 2891 1560 2937 est,
1590 2887 1664 2927 sed
1687 2883 2028 2927 Simonideoru'm

392 2955 746 3005 epigrammatum
777 2966 1016 3006 synagoge,
1049 2966 1159 3004 quae
1187 2954 1333 2993 aderat
1362 2954 1406 2992 in
1438 2953 1696 2992 Bibliotheca
1726 2949 2024 2990 Alexandrina.

393 3021 516 3066 Quod
563 3021 645 3060 iam
693 3023 804 3060 recte
851 3020 1050 3059 viderunt
1099 3020 1244 3059 Kaibel
1288 3021 1328 3058 et
1369 3017 1685 3068 quodammodo
1727 3014 2025 3055 Reitzenstein.

393 3086 663 3136 Neglegentia
694 3086 844 3136 igitur,
884 3097 1014 3135 quam
1044 3084 1317 3134 Aristophani
1347 3084 1504 3134 Preger
1528 3082 1747 3132 ascripsit,
1779 3079 2030 3131 imputanda
