<?xml version="1.0" encoding="UTF-8"?>
<!DOCTYPE html PUBLIC "-//W3C//DTD XHTML 1.0 Transitional//EN"
    "http://www.w3.org/TR/xhtml1/DTD/xhtml1-transitional.dtd">
<html xmlns="http://www.w3.org/1999/xhtml" xml:lang="en" lang="en">
 <head>
  <title>
</title>
<meta http-equiv="Content-Type" content="text/html;charset=utf-8" />
  <meta name='ocr-system' content='tesseract 3.04.00' />
  <meta name='ocr-capabilities' content='ocr_page ocr_carea ocr_par ocr_line ocrx_word'/>
</head>
<body>
  <div class='ocr_page' id='page_1' title='image "./deepigrammatasim00boasuoft_0058.png"; bbox 0 0 2072 3568; ppageno 0'>
   <div class='ocr_carea' id='block_1_1' title="bbox 391 258 1233 311">
    <p class='ocr_par' dir='ltr' id='par_1_1' title="bbox 391 258 1233 311">
     <span class='ocr_line' id='line_1_1' title="bbox 391 258 1233 311; baseline -0.002 -11"><span class='ocrx_word' id='word_1_1' title='bbox 391 261 492 311; x_wconf 83' lang='lat' dir='ltr'><strong>Cap.</strong></span> <span class='ocrx_word' id='word_1_2' title='bbox 528 258 560 300; x_wconf 92' lang='lat'><strong>1.</strong></span> <span class='ocrx_word' id='word_1_3' title='bbox 1182 258 1233 299; x_wconf 78' lang='lat'><strong>36</strong></span> 
     </span>
    </p>
   </div>
   <div class='ocr_carea' id='block_1_2' title="bbox 373 384 2072 2790">
    <p class='ocr_par' dir='ltr' id='par_1_2' title="bbox 376 384 2034 2266">
     <span class='ocr_line' id='line_1_2' title="bbox 389 384 2030 436; baseline 0.002 -12"><span class='ocrx_word' id='word_1_4' title='bbox 389 385 625 424; x_wconf 85' lang='lat' dir='ltr'><strong>secundum</strong></span> <span class='ocrx_word' id='word_1_5' title='bbox 673 396 802 435; x_wconf 87' lang='lat' dir='ltr'><strong>quam</strong></span> <span class='ocrx_word' id='word_1_6' title='bbox 845 385 1083 424; x_wconf 80' lang='lat' dir='ltr'><strong>carminum</strong></span> <span class='ocrx_word' id='word_1_7' title='bbox 1127 385 1396 435; x_wconf 87' lang='lat' dir='ltr'><strong>singulorum</strong></span> <span class='ocrx_word' id='word_1_8' title='bbox 1437 384 1616 436; x_wconf 84' lang='lat' dir='ltr'><strong>originis</strong></span> <span class='ocrx_word' id='word_1_9' title='bbox 1657 384 1891 436; x_wconf 78' lang='lat' dir='ltr'><strong>disputatio</strong></span> <span class='ocrx_word' id='word_1_10' title='bbox 1929 385 2030 428; x_wconf 72' lang='lat' dir='ltr'><strong>dli-t-</strong></span> 
     </span>
     <span class='ocr_line' id='line_1_3' title="bbox 388 450 2029 501; baseline 0.002 -11"><span class='ocrx_word' id='word_1_11' title='bbox 388 451 524 501; x_wconf 79' lang='lat' dir='ltr'><strong>genda</strong></span> <span class='ocrx_word' id='word_1_12' title='bbox 555 451 622 490; x_wconf 86' lang='lat' dir='ltr'><strong>sit.</strong></span> <span class='ocrx_word' id='word_1_13' title='bbox 670 450 746 490; x_wconf 93' lang='lat' dir='ltr'><strong>Ille</strong></span> <span class='ocrx_word' id='word_1_14' title='bbox 773 450 884 489; x_wconf 88' lang='lat' dir='ltr'><strong>enim</strong></span> <span class='ocrx_word' id='word_1_15' title='bbox 916 450 1030 499; x_wconf 89' lang='lat' dir='ltr'><strong>v.d.,</strong></span> <span class='ocrx_word' id='word_1_16' title='bbox 1072 451 1144 500; x_wconf 89' lang='lat' dir='ltr'><strong>qui</strong></span> <span class='ocrx_word' id='word_1_17' title='bbox 1176 453 1223 489; x_wconf 91' lang='lat' dir='ltr'><strong>ut</strong></span> <span class='ocrx_word' id='word_1_18' title='bbox 1253 450 1347 489; x_wconf 72' lang='lat' dir='ltr'><strong>fuse</strong></span> <span class='ocrx_word' id='word_1_19' title='bbox 1374 450 1577 490; x_wconf 80' lang='lat' dir='ltr'><strong>disseruit</strong></span> <span class='ocrx_word' id='word_1_20' title='bbox 1605 450 1658 490; x_wconf 90' lang='lat' dir='ltr'><strong>de</strong></span> <span class='ocrx_word' id='word_1_21' title='bbox 1688 450 1944 492; x_wconf 70' lang='lat' dir='ltr'><strong>Simonideis</strong></span> <span class='ocrx_word' id='word_1_22' title='bbox 1971 451 2029 494; x_wconf 65' lang='lat' dir='ltr'><strong>in</strong></span> 
     </span>
     <span class='ocr_line' id='line_1_4' title="bbox 388 515 2034 569; baseline 0.001 -14"><span class='ocrx_word' id='word_1_23' title='bbox 388 516 607 555; x_wconf 76' lang='lat' dir='ltr'><strong>infeliciter</strong></span> <span class='ocrx_word' id='word_1_24' title='bbox 650 516 864 555; x_wconf 78' lang='lat' dir='ltr'><strong>materiem</strong></span> <span class='ocrx_word' id='word_1_25' title='bbox 909 518 1191 566; x_wconf 80' lang='lat' dir='ltr'><strong>pertractasse</strong></span> <span class='ocrx_word' id='word_1_26' title='bbox 1234 516 1334 555; x_wconf 90' lang='lat' dir='ltr'><strong>mihi</strong></span> <span class='ocrx_word' id='word_1_27' title='bbox 1375 516 1555 555; x_wconf 88' lang='lat' dir='ltr'><strong>videtur.</strong></span> <span class='ocrx_word' id='word_1_28' title='bbox 1603 516 1749 566; x_wconf 81' lang='lat' dir='ltr'><strong>Neque</strong></span> <span class='ocrx_word' id='word_1_29' title='bbox 1774 515 1830 556; x_wconf 84' lang='lat' dir='ltr'><strong>de</strong></span> <span class='ocrx_word' id='word_1_30' title='bbox 1858 515 2034 569; x_wconf 74' lang='lat' dir='ltr'><strong>Sylloge</strong></span> 
     </span>
     <span class='ocr_line' id='line_1_5' title="bbox 387 580 2028 632; baseline 0.001 -11"><span class='ocrx_word' id='word_1_31' title='bbox 387 582 477 632; x_wconf 87' lang='lat' dir='ltr'><strong>ipsa</strong></span> <span class='ocrx_word' id='word_1_32' title='bbox 518 592 655 631; x_wconf 90' lang='lat' dir='ltr'><strong>neque</strong></span> <span class='ocrx_word' id='word_1_33' title='bbox 690 581 743 620; x_wconf 90' lang='lat' dir='ltr'><strong>de</strong></span> <span class='ocrx_word' id='word_1_34' title='bbox 778 582 871 620; x_wconf 87' lang='lat' dir='ltr'><strong>eius</strong></span> <span class='ocrx_word' id='word_1_35' title='bbox 907 581 1072 631; x_wconf 87' lang='lat' dir='ltr'><strong>origine</strong></span> <span class='ocrx_word' id='word_1_36' title='bbox 1106 581 1334 631; x_wconf 87' lang='lat' dir='ltr'><strong>quicquam</strong></span> <span class='ocrx_word' id='word_1_37' title='bbox 1364 581 1504 620; x_wconf 85' lang='lat' dir='ltr'><strong>dicere</strong></span> <span class='ocrx_word' id='word_1_38' title='bbox 1533 592 1705 621; x_wconf 78' lang='lat' dir='ltr'><strong>necesse</strong></span> <span class='ocrx_word' id='word_1_39' title='bbox 1732 580 1894 623; x_wconf 75' lang='lat' dir='ltr'><strong>habuit.</strong></span> <span class='ocrx_word' id='word_1_40' title='bbox 1943 580 2028 623; x_wconf 79' lang='lat' dir='ltr'><strong>Sed</strong></span> 
     </span>
     <span class='ocr_line' id='line_1_6' title="bbox 388 646 2028 698; baseline 0.001 -12"><span class='ocrx_word' id='word_1_41' title='bbox 388 647 496 686; x_wconf 82' lang='lat' dir='ltr'><strong>hanc</strong></span> <span class='ocrx_word' id='word_1_42' title='bbox 534 647 764 697; x_wconf 85' lang='lat' dir='ltr'><strong>simplicem</strong></span> <span class='ocrx_word' id='word_1_43' title='bbox 806 647 1012 686; x_wconf 87' lang='lat' dir='ltr'><strong>mehercle</strong></span> <span class='ocrx_word' id='word_1_44' title='bbox 1050 646 1141 686; x_wconf 90' lang='lat' dir='ltr'><strong>iniit</strong></span> <span class='ocrx_word' id='word_1_45' title='bbox 1181 647 1415 696; x_wconf 82' lang='lat' dir='ltr'><strong>rationem,</strong></span> <span class='ocrx_word' id='word_1_46' title='bbox 1457 649 1503 686; x_wconf 90' lang='lat' dir='ltr'><strong>ut</strong></span> <span class='ocrx_word' id='word_1_47' title='bbox 1531 658 1579 686; x_wconf 80' lang='lat' dir='ltr'><strong>ea</strong></span> <span class='ocrx_word' id='word_1_48' title='bbox 1608 646 1915 698; x_wconf 76' lang='lat' dir='ltr'><strong>epigrammata</strong></span> <span class='ocrx_word' id='word_1_49' title='bbox 1942 647 2028 688; x_wconf 75' lang='lat' dir='ltr'><strong>iam</strong></span> 
     </span>
     <span class='ocr_line' id='line_1_7' title="bbox 386 711 2028 763; baseline 0.001 -12"><span class='ocrx_word' id='word_1_50' title='bbox 386 713 527 752; x_wconf 85' lang='lat' dir='ltr'><strong>statim</strong></span> <span class='ocrx_word' id='word_1_51' title='bbox 558 712 613 751; x_wconf 93' lang='lat' dir='ltr'><strong>ab</strong></span> <span class='ocrx_word' id='word_1_52' title='bbox 642 712 760 751; x_wconf 91' lang='lat' dir='ltr'><strong>initio</strong></span> <span class='ocrx_word' id='word_1_53' title='bbox 788 724 866 763; x_wconf 90' lang='lat' dir='ltr'><strong>pro</strong></span> <span class='ocrx_word' id='word_1_54' title='bbox 894 712 1093 763; x_wconf 79' lang='lat' dir='ltr'><strong>genuinis</strong></span> <span class='ocrx_word' id='word_1_55' title='bbox 1121 714 1250 762; x_wconf 86' lang='lat' dir='ltr'><strong>atque</strong></span> <span class='ocrx_word' id='word_1_56' title='bbox 1277 723 1301 751; x_wconf 95' lang='lat' dir='ltr'><strong>a</strong></span> <span class='ocrx_word' id='word_1_57' title='bbox 1334 711 1552 751; x_wconf 84' lang='lat' dir='ltr'><strong>Simonide</strong></span> <span class='ocrx_word' id='word_1_58' title='bbox 1580 711 1673 762; x_wconf 86' lang='lat' dir='ltr'><strong>ipso</strong></span> <span class='ocrx_word' id='word_1_59' title='bbox 1700 712 1903 753; x_wconf 74' lang='lat' dir='ltr'><strong>confectis</strong></span> <span class='ocrx_word' id='word_1_60' title='bbox 1926 712 2028 753; x_wconf 71' lang='lat' dir='ltr'><strong>reel-</strong></span> 
     </span>
     <span class='ocr_line' id='line_1_8' title="bbox 386 775 2025 829; baseline 0.001 -12"><span class='ocrx_word' id='word_1_61' title='bbox 386 780 524 828; x_wconf 89' lang='lat' dir='ltr'><strong>peret,</strong></span> <span class='ocrx_word' id='word_1_62' title='bbox 552 789 663 828; x_wconf 87' lang='lat' dir='ltr'><strong>quae</strong></span> <span class='ocrx_word' id='word_1_63' title='bbox 683 778 916 817; x_wconf 87' lang='lat' dir='ltr'><strong>traduntur</strong></span> <span class='ocrx_word' id='word_1_64' title='bbox 937 789 961 817; x_wconf 90' lang='lat' dir='ltr'><strong>a</strong></span> <span class='ocrx_word' id='word_1_65' title='bbox 983 777 1265 828; x_wconf 80' lang='lat' dir='ltr'><strong>scriptoribus</strong></span> <span class='ocrx_word' id='word_1_66' title='bbox 1286 789 1309 816; x_wconf 92' lang='lat' dir='ltr'><strong>a</strong></span> <span class='ocrx_word' id='word_1_67' title='bbox 1333 788 1380 816; x_wconf 85' lang='lat' dir='ltr'><strong>se</strong></span> <span class='ocrx_word' id='word_1_68' title='bbox 1400 777 1493 828; x_wconf 86' lang='lat' dir='ltr'><strong>ipso</strong></span> <span class='ocrx_word' id='word_1_69' title='bbox 1513 775 1611 817; x_wconf 74' lang='lat' dir='ltr'><strong>ride</strong></span> <span class='ocrx_word' id='word_1_70' title='bbox 1630 775 1791 829; x_wconf 71' lang='lat' dir='ltr'><strong>diynis</strong></span> <span class='ocrx_word' id='word_1_71' title='bbox 1808 777 2025 828; x_wconf 51' lang='lat' dir='ltr'><strong>iudicati„</strong></span> 
     </span>
     <span class='ocr_line' id='line_1_9' title="bbox 385 842 2028 893; baseline 0.001 -11"><span class='ocrx_word' id='word_1_72' title='bbox 385 846 512 893; x_wconf 88' lang='lat' dir='ltr'><strong>atque</strong></span> <span class='ocrx_word' id='word_1_73' title='bbox 540 854 591 882; x_wconf 87' lang='lat' dir='ltr'><strong>ex</strong></span> <span class='ocrx_word' id='word_1_74' title='bbox 622 854 795 893; x_wconf 87' lang='lat' dir='ltr'><strong>norma,</strong></span> <span class='ocrx_word' id='word_1_75' title='bbox 828 854 957 893; x_wconf 87' lang='lat' dir='ltr'><strong>quam</strong></span> <span class='ocrx_word' id='word_1_76' title='bbox 986 855 1034 882; x_wconf 86' lang='lat' dir='ltr'><strong>ea</strong></span> <span class='ocrx_word' id='word_1_77' title='bbox 1066 844 1229 883; x_wconf 89' lang='lat' dir='ltr'><strong>ratione</strong></span> <span class='ocrx_word' id='word_1_78' title='bbox 1259 845 1441 883; x_wconf 89' lang='lat' dir='ltr'><strong>nanctus</strong></span> <span class='ocrx_word' id='word_1_79' title='bbox 1469 846 1556 893; x_wconf 83' lang='lat' dir='ltr'><strong>est,</strong></span> <span class='ocrx_word' id='word_1_80' title='bbox 1589 845 1727 883; x_wconf 86' lang='lat' dir='ltr'><strong>cetera</strong></span> <span class='ocrx_word' id='word_1_81' title='bbox 1747 842 1839 883; x_wconf 80' lang='lat' dir='ltr'><strong>sive</strong></span> <span class='ocrx_word' id='word_1_82' title='bbox 1853 842 2028 885; x_wconf 64' lang='lat' dir='ltr'><strong>rdoeret</strong></span> 
     </span>
     <span class='ocr_line' id='line_1_10' title="bbox 385 906 2026 961; baseline 0.002 -14"><span class='ocrx_word' id='word_1_83' title='bbox 385 909 475 948; x_wconf 85' lang='lat' dir='ltr'><strong>sive</strong></span> <span class='ocrx_word' id='word_1_84' title='bbox 503 909 755 949; x_wconf 88' lang='lat' dir='ltr'><strong>admitteret.</strong></span> <span class='ocrx_word' id='word_1_85' title='bbox 788 909 883 955; x_wconf 89' lang='lat' dir='ltr'><strong>Qua</strong></span> <span class='ocrx_word' id='word_1_86' title='bbox 907 909 961 949; x_wconf 89' lang='lat' dir='ltr'><strong>de</strong></span> <span class='ocrx_word' id='word_1_87' title='bbox 983 921 1113 949; x_wconf 79' lang='lat' dir='ltr'><strong>causa</strong></span> <span class='ocrx_word' id='word_1_88' title='bbox 1138 910 1181 948; x_wconf 92' lang='lat' dir='ltr'><strong>in</strong></span> <span class='ocrx_word' id='word_1_89' title='bbox 1208 909 1422 959; x_wconf 82' lang='lat' dir='ltr'><strong>prooemio</strong></span> <span class='ocrx_word' id='word_1_90' title='bbox 1446 909 1704 960; x_wconf 84' lang='lat' dir='ltr'><strong>scriptorum</strong></span> <span class='ocrx_word' id='word_1_91' title='bbox 1727 906 1872 950; x_wconf 66' lang='lat' dir='ltr'><strong>Mem</strong></span> <span class='ocrx_word' id='word_1_92' title='bbox 1893 910 2026 961; x_wconf 77' lang='lat' dir='ltr'><strong>temp-</strong></span> 
     </span>
     <span class='ocr_line' id='line_1_11' title="bbox 383 971 2027 1027; baseline 0.001 -13"><span class='ocrx_word' id='word_1_93' title='bbox 383 978 475 1014; x_wconf 88' lang='lat' dir='ltr'><strong>tare</strong></span> <span class='ocrx_word' id='word_1_94' title='bbox 503 975 707 1025; x_wconf 86' lang='lat' dir='ltr'><strong>instituit,</strong></span> <span class='ocrx_word' id='word_1_95' title='bbox 741 986 817 1014; x_wconf 86' lang='lat' dir='ltr'><strong>nec</strong></span> <span class='ocrx_word' id='word_1_96' title='bbox 845 977 1010 1025; x_wconf 86' lang='lat' dir='ltr'><strong>tamen,</strong></span> <span class='ocrx_word' id='word_1_97' title='bbox 1043 975 1157 1025; x_wconf 91' lang='lat' dir='ltr'><strong>quod</strong></span> <span class='ocrx_word' id='word_1_98' title='bbox 1188 978 1419 1026; x_wconf 87' lang='lat' dir='ltr'><strong>putaveras</strong></span> <span class='ocrx_word' id='word_1_99' title='bbox 1446 974 1653 1014; x_wconf 89' lang='lat' dir='ltr'><strong>omnium.</strong></span> <span class='ocrx_word' id='word_1_100' title='bbox 1698 971 2027 1027; x_wconf 69' lang='lat' dir='ltr'><strong>Anneneglexit</strong></span> 
     </span>
     <span class='ocr_line' id='line_1_12' title="bbox 383 1039 2025 1091; baseline 0.001 -12"><span class='ocrx_word' id='word_1_101' title='bbox 383 1042 512 1079; x_wconf 84' lang='lat' dir='ltr'><strong>testes</strong></span> <span class='ocrx_word' id='word_1_102' title='bbox 539 1052 621 1091; x_wconf 82' lang='lat' dir='ltr'><strong>e.g.</strong></span> <span class='ocrx_word' id='word_1_103' title='bbox 655 1052 775 1090; x_wconf 89' lang='lat' dir='ltr'><strong>eum,</strong></span> <span class='ocrx_word' id='word_1_104' title='bbox 818 1041 891 1090; x_wconf 89' lang='lat' dir='ltr'><strong>qui</strong></span> <span class='ocrx_word' id='word_1_105' title='bbox 922 1052 1136 1090; x_wconf 86' lang='lat' dir='ltr'><strong>nusquam</strong></span> <span class='ocrx_word' id='word_1_106' title='bbox 1166 1040 1508 1091; x_wconf 85' lang='lat' dir='ltr'><strong>epigrammatis,</strong></span> <span class='ocrx_word' id='word_1_107' title='bbox 1549 1052 1660 1091; x_wconf 84' lang='lat' dir='ltr'><strong>quae</strong></span> <span class='ocrx_word' id='word_1_108' title='bbox 1686 1039 1856 1091; x_wconf 78' lang='lat' dir='ltr'><strong>laudat,</strong></span> <span class='ocrx_word' id='word_1_109' title='bbox 1889 1039 2025 1081; x_wconf 84' lang='lat' dir='ltr'><strong>Simo-</strong></span> 
     </span>
     <span class='ocr_line' id='line_1_13' title="bbox 385 1105 2025 1156; baseline 0.001 -12"><span class='ocrx_word' id='word_1_110' title='bbox 385 1105 518 1144; x_wconf 87' lang='lat' dir='ltr'><strong>nideis</strong></span> <span class='ocrx_word' id='word_1_111' title='bbox 558 1108 705 1156; x_wconf 88' lang='lat' dir='ltr'><strong>poetae</strong></span> <span class='ocrx_word' id='word_1_112' title='bbox 742 1106 869 1145; x_wconf 90' lang='lat' dir='ltr'><strong>adicit</strong></span> <span class='ocrx_word' id='word_1_113' title='bbox 907 1117 1084 1155; x_wconf 88' lang='lat' dir='ltr'><strong>nomen,</strong></span> <span class='ocrx_word' id='word_1_114' title='bbox 1133 1106 1364 1145; x_wconf 89' lang='lat' dir='ltr'><strong>Diodorum</strong></span> <span class='ocrx_word' id='word_1_115' title='bbox 1403 1105 1519 1156; x_wconf 87' lang='lat' dir='ltr'><strong>dico,</strong></span> <span class='ocrx_word' id='word_1_116' title='bbox 1564 1117 1716 1156; x_wconf 90' lang='lat' dir='ltr'><strong>quem,</strong></span> <span class='ocrx_word' id='word_1_117' title='bbox 1755 1116 1854 1146; x_wconf 85' lang='lat' dir='ltr'><strong>cum</strong></span> <span class='ocrx_word' id='word_1_118' title='bbox 1890 1105 1935 1146; x_wconf 86' lang='lat' dir='ltr'><strong>iu</strong></span> <span class='ocrx_word' id='word_1_119' title='bbox 1972 1105 2025 1146; x_wconf 80' lang='lat' dir='ltr'><strong>iis</strong></span> 
     </span>
     <span class='ocr_line' id='line_1_14' title="bbox 382 1170 2020 1223; baseline 0.002 -14"><span class='ocrx_word' id='word_1_120' title='bbox 382 1171 522 1221; x_wconf 89' lang='lat' dir='ltr'><strong>operis</strong></span> <span class='ocrx_word' id='word_1_121' title='bbox 561 1171 776 1222; x_wconf 88' lang='lat' dir='ltr'><strong>partibus,</strong></span> <span class='ocrx_word' id='word_1_122' title='bbox 819 1171 890 1210; x_wconf 92' lang='lat' dir='ltr'><strong>ubi</strong></span> <span class='ocrx_word' id='word_1_123' title='bbox 923 1170 1166 1211; x_wconf 90' lang='lat' dir='ltr'><strong>Simonidea</strong></span> <span class='ocrx_word' id='word_1_124' title='bbox 1195 1171 1416 1223; x_wconf 87' lang='lat' dir='ltr'><strong>leguntur,</strong></span> <span class='ocrx_word' id='word_1_125' title='bbox 1459 1172 1746 1221; x_wconf 81' lang='lat' dir='ltr'><strong>repraesentet</strong></span> <span class='ocrx_word' id='word_1_126' title='bbox 1774 1170 2020 1222; x_wconf 79' lang='lat' dir='ltr'><strong>Ephorum,</strong></span> 
     </span>
     <span class='ocr_line' id='line_1_15' title="bbox 381 1236 2023 1287; baseline 0.001 -11"><span class='ocrx_word' id='word_1_127' title='bbox 381 1239 529 1276; x_wconf 89' lang='lat' dir='ltr'><strong>testem</strong></span> <span class='ocrx_word' id='word_1_128' title='bbox 578 1236 700 1276; x_wconf 88' lang='lat' dir='ltr'><strong>nobis</strong></span> <span class='ocrx_word' id='word_1_129' title='bbox 746 1248 841 1276; x_wconf 85' lang='lat' dir='ltr'><strong>esse</strong></span> <span class='ocrx_word' id='word_1_130' title='bbox 885 1237 1263 1287; x_wconf 88' lang='lat' dir='ltr'><strong>locupletissimum</strong></span> <span class='ocrx_word' id='word_1_131' title='bbox 1310 1236 1558 1287; x_wconf 89' lang='lat' dir='ltr'><strong>apparebit,</strong></span> <span class='ocrx_word' id='word_1_132' title='bbox 1608 1236 1714 1276; x_wconf 82' lang='lat' dir='ltr'><strong>alios</strong></span> <span class='ocrx_word' id='word_1_133' title='bbox 1759 1247 1849 1278; x_wconf 83' lang='lat' dir='ltr'><strong>uuo</strong></span> <span class='ocrx_word' id='word_1_134' title='bbox 1893 1247 2023 1278; x_wconf 74' lang='lat' dir='ltr'><strong>versu</strong></span> 
     </span>
     <span class='ocr_line' id='line_1_16' title="bbox 381 1302 2022 1354; baseline 0.001 -13"><span class='ocrx_word' id='word_1_135' title='bbox 381 1302 573 1353; x_wconf 89' lang='lat' dir='ltr'><strong>dimittit,</strong></span> <span class='ocrx_word' id='word_1_136' title='bbox 614 1314 698 1354; x_wconf 87' lang='lat' dir='ltr'><strong>e.g.</strong></span> <span class='ocrx_word' id='word_1_137' title='bbox 740 1303 967 1354; x_wconf 88' lang='lat' dir='ltr'><strong>Diogenem</strong></span> <span class='ocrx_word' id='word_1_138' title='bbox 1007 1303 1222 1342; x_wconf 84' lang='lat' dir='ltr'><strong>Laertium</strong></span> <span class='ocrx_word' id='word_1_139' title='bbox 1260 1305 1389 1353; x_wconf 91' lang='lat' dir='ltr'><strong>atque</strong></span> <span class='ocrx_word' id='word_1_140' title='bbox 1426 1302 1651 1342; x_wconf 86' lang='lat' dir='ltr'><strong>Pollucem.</strong></span> <span class='ocrx_word' id='word_1_141' title='bbox 1698 1302 1845 1353; x_wconf 83' lang='lat' dir='ltr'><strong>Neque</strong></span> <span class='ocrx_word' id='word_1_142' title='bbox 1878 1302 2022 1343; x_wconf 80' lang='lat' dir='ltr'><strong>omnia</strong></span> 
     </span>
     <span class='ocr_line' id='line_1_17' title="bbox 381 1366 2020 1419; baseline 0.001 -13"><span class='ocrx_word' id='word_1_143' title='bbox 381 1368 687 1418; x_wconf 84' lang='lat' dir='ltr'><strong>epigrammata</strong></span> <span class='ocrx_word' id='word_1_144' title='bbox 719 1367 962 1407; x_wconf 89' lang='lat' dir='ltr'><strong>Simonidea</strong></span> <span class='ocrx_word' id='word_1_145' title='bbox 992 1368 1159 1407; x_wconf 86' lang='lat' dir='ltr'><strong>vocavit</strong></span> <span class='ocrx_word' id='word_1_146' title='bbox 1187 1368 1230 1407; x_wconf 91' lang='lat' dir='ltr'><strong>in</strong></span> <span class='ocrx_word' id='word_1_147' title='bbox 1259 1379 1451 1407; x_wconf 88' lang='lat' dir='ltr'><strong>examen.</strong></span> <span class='ocrx_word' id='word_1_148' title='bbox 1485 1368 1547 1407; x_wconf 84' lang='lat' dir='ltr'><strong>Ea</strong></span> <span class='ocrx_word' id='word_1_149' title='bbox 1575 1378 1659 1418; x_wconf 88' lang='lat' dir='ltr'><strong>e.g.</strong></span> <span class='ocrx_word' id='word_1_150' title='bbox 1691 1366 2020 1419; x_wconf 71' lang='lat' dir='ltr'><strong>epigrammata,</strong></span> 
     </span>
     <span class='ocr_line' id='line_1_18' title="bbox 380 1432 2019 1484; baseline 0.001 -12"><span class='ocrx_word' id='word_1_151' title='bbox 380 1444 491 1482; x_wconf 88' lang='lat' dir='ltr'><strong>quae</strong></span> <span class='ocrx_word' id='word_1_152' title='bbox 527 1434 641 1484; x_wconf 90' lang='lat' dir='ltr'><strong>apud</strong></span> <span class='ocrx_word' id='word_1_153' title='bbox 681 1434 914 1484; x_wconf 88' lang='lat' dir='ltr'><strong>Bergkium</strong></span> <span class='ocrx_word' id='word_1_154' title='bbox 953 1433 1030 1472; x_wconf 73' lang='lat'>11⁴.</span> <span class='ocrx_word' id='word_1_155' title='bbox 1071 1433 1151 1473; x_wconf 86' lang='grc'><strong>260</strong></span> <span class='ocrx_word' id='word_1_156' title='bbox 1189 1433 1272 1472; x_wconf 88' lang='lat' dir='ltr'><strong>sub</strong></span> <span class='ocrx_word' id='word_1_157' title='bbox 1300 1433 1569 1483; x_wconf 87' lang='lat' dir='ltr'><strong>Empedoclis</strong></span> <span class='ocrx_word' id='word_1_158' title='bbox 1598 1432 1770 1472; x_wconf 85' lang='lat' dir='ltr'><strong>nomine</strong></span> <span class='ocrx_word' id='word_1_159' title='bbox 1794 1432 2019 1484; x_wconf 71' lang='lat' dir='ltr'><strong>leguntur,</strong></span> 
     </span>
     <span class='ocr_line' id='line_1_19' title="bbox 380 1496 2021 1548; baseline 0 -11"><span class='ocrx_word' id='word_1_160' title='bbox 380 1509 491 1547; x_wconf 90' lang='lat' dir='ltr'><strong>quae</strong></span> <span class='ocrx_word' id='word_1_161' title='bbox 515 1510 615 1538; x_wconf 87' lang='lat' dir='ltr'><strong>vero</strong></span> <span class='ocrx_word' id='word_1_162' title='bbox 639 1499 681 1538; x_wconf 91' lang='lat' dir='ltr'><strong>in</strong></span> <span class='ocrx_word' id='word_1_163' title='bbox 706 1499 787 1538; x_wconf 85' lang='lat' dir='ltr'><strong>alia</strong></span> <span class='ocrx_word' id='word_1_164' title='bbox 811 1498 1038 1538; x_wconf 88' lang='lat' dir='ltr'><strong>traditione</strong></span> <span class='ocrx_word' id='word_1_165' title='bbox 1061 1498 1267 1538; x_wconf 88' lang='lat' dir='ltr'><strong>Simonidi</strong></span> <span class='ocrx_word' id='word_1_166' title='bbox 1290 1498 1555 1547; x_wconf 86' lang='lat' dir='ltr'><strong>tribuuntur,</strong></span> <span class='ocrx_word' id='word_1_167' title='bbox 1584 1509 1637 1538; x_wconf 92' lang='lat' dir='ltr'><strong>ne</strong></span> <span class='ocrx_word' id='word_1_168' title='bbox 1657 1497 1830 1538; x_wconf 75' lang='lat' dir='ltr'><strong>novisse</strong></span> <span class='ocrx_word' id='word_1_169' title='bbox 1848 1496 2021 1548; x_wconf 83' lang='lat' dir='ltr'><strong>quidem</strong></span> 
     </span>
     <span class='ocr_line' id='line_1_20' title="bbox 381 1562 2023 1615; baseline 0.001 -13"><span class='ocrx_word' id='word_1_170' title='bbox 381 1563 549 1602; x_wconf 88' lang='lat' dir='ltr'><strong>videtur</strong></span> <span class='ocrx_word' id='word_1_171' title='bbox 580 1563 775 1614; x_wconf 86' lang='lat' dir='ltr'><strong>(Emped.</strong></span> <span class='ocrx_word' id='word_1_172' title='bbox 809 1564 861 1603; x_wconf 78' lang='lat' dir='ltr'><strong>fr.</strong></span> <span class='ocrx_word' id='word_1_173' title='bbox 898 1563 996 1614; x_wconf 83' lang='lat'><strong>156,</strong></span> <span class='ocrx_word' id='word_1_174' title='bbox 1032 1564 1107 1603; x_wconf 87' lang='grc'><strong>157</strong></span> <span class='ocrx_word' id='word_1_175' title='bbox 1138 1562 1284 1614; x_wconf 86' lang='lat' dir='ltr'><strong>Diels).</strong></span> <span class='ocrx_word' id='word_1_176' title='bbox 1318 1564 1351 1603; x_wconf 81' lang='lat' dir='ltr'>A</span> <span class='ocrx_word' id='word_1_177' title='bbox 1383 1563 1567 1615; x_wconf 85' lang='lat' dir='ltr'><strong>Bergkio</strong></span> <span class='ocrx_word' id='word_1_178' title='bbox 1593 1563 1675 1603; x_wconf 87' lang='lat' dir='ltr'><strong>alia</strong></span> <span class='ocrx_word' id='word_1_179' title='bbox 1703 1574 1877 1614; x_wconf 87' lang='lat' dir='ltr'><strong>quoque</strong></span> <span class='ocrx_word' id='word_1_180' title='bbox 1901 1562 1946 1604; x_wconf 87' lang='lat' dir='ltr'><strong>in</strong></span> <span class='ocrx_word' id='word_1_181' title='bbox 1974 1574 2023 1604; x_wconf 86' lang='lat' dir='ltr'><strong>re</strong></span> 
     </span>
     <span class='ocr_line' id='line_1_21' title="bbox 380 1627 2020 1679; baseline 0.002 -12"><span class='ocrx_word' id='word_1_182' title='bbox 380 1628 554 1678; x_wconf 89' lang='lat' dir='ltr'><strong>pendet,</strong></span> <span class='ocrx_word' id='word_1_183' title='bbox 601 1630 715 1679; x_wconf 94' lang='lat' dir='ltr'><strong>quod</strong></span> <span class='ocrx_word' id='word_1_184' title='bbox 759 1629 914 1668; x_wconf 88' lang='lat' dir='ltr'><strong>scilicet</strong></span> <span class='ocrx_word' id='word_1_185' title='bbox 958 1629 1029 1668; x_wconf 86' lang='lat' dir='ltr'><strong>vix</strong></span> <span class='ocrx_word' id='word_1_186' title='bbox 1070 1629 1300 1679; x_wconf 90' lang='lat' dir='ltr'><strong>quicquam</strong></span> <span class='ocrx_word' id='word_1_187' title='bbox 1342 1629 1491 1669; x_wconf 89' lang='lat' dir='ltr'><strong>tribuit</strong></span> <span class='ocrx_word' id='word_1_188' title='bbox 1531 1629 1568 1668; x_wconf 93' lang='lat' dir='ltr'><strong>ei</strong></span> <span class='ocrx_word' id='word_1_189' title='bbox 1607 1628 1689 1679; x_wconf 88' lang='lat' dir='ltr'><strong>rei,</strong></span> <span class='ocrx_word' id='word_1_190' title='bbox 1733 1627 1850 1679; x_wconf 86' lang='lat' dir='ltr'><strong>quod</strong></span> <span class='ocrx_word' id='word_1_191' title='bbox 1887 1628 2020 1671; x_wconf 68' lang='lat' dir='ltr'><strong>multa</strong></span> 
     </span>
     <span class='ocr_line' id='line_1_22' title="bbox 378 1693 2015 1744; baseline 0.001 -11"><span class='ocrx_word' id='word_1_192' title='bbox 378 1694 684 1744; x_wconf 85' lang='lat' dir='ltr'><strong>epigrammata</strong></span> <span class='ocrx_word' id='word_1_193' title='bbox 713 1694 955 1734; x_wconf 84' lang='lat' dir='ltr'><strong>Simonidea</strong></span> <span class='ocrx_word' id='word_1_194' title='bbox 975 1695 1100 1734; x_wconf 90' lang='lat' dir='ltr'><strong>etiam</strong></span> <span class='ocrx_word' id='word_1_195' title='bbox 1120 1694 1306 1734; x_wconf 88' lang='lat' dir='ltr'><strong>auctoris</strong></span> <span class='ocrx_word' id='word_1_196' title='bbox 1328 1695 1498 1734; x_wconf 87' lang='lat' dir='ltr'><strong>nomine</strong></span> <span class='ocrx_word' id='word_1_197' title='bbox 1516 1693 1704 1734; x_wconf 85' lang='lat' dir='ltr'><strong>carentia</strong></span> <span class='ocrx_word' id='word_1_198' title='bbox 1722 1693 2015 1735; x_wconf 80' lang='lat' dir='ltr'><strong>inveniuntur.</strong></span> 
     </span>
     <span class='ocr_line' id='line_1_23' title="bbox 378 1758 2020 1811; baseline 0.001 -12"><span class='ocrx_word' id='word_1_199' title='bbox 378 1759 524 1809; x_wconf 90' lang='lat' dir='ltr'><strong>Neque</strong></span> <span class='ocrx_word' id='word_1_200' title='bbox 570 1761 612 1799; x_wconf 89' lang='lat' dir='ltr'><strong>in</strong></span> <span class='ocrx_word' id='word_1_201' title='bbox 660 1759 929 1810; x_wconf 85' lang='lat' dir='ltr'><strong>singulorum</strong></span> <span class='ocrx_word' id='word_1_202' title='bbox 976 1760 1332 1811; x_wconf 83' lang='lat' dir='ltr'><strong>epigrammatum</strong></span> <span class='ocrx_word' id='word_1_203' title='bbox 1379 1760 1544 1811; x_wconf 88' lang='lat' dir='ltr'><strong>origine</strong></span> <span class='ocrx_word' id='word_1_204' title='bbox 1589 1758 1886 1800; x_wconf 78' lang='lat' dir='ltr'><strong>constituenda</strong></span> <span class='ocrx_word' id='word_1_205' title='bbox 1924 1758 2020 1800; x_wconf 81' lang='lat' dir='ltr'><strong>eius</strong></span> 
     </span>
     <span class='ocr_line' id='line_1_24' title="bbox 378 1824 2016 1876; baseline 0.001 -12"><span class='ocrx_word' id='word_1_206' title='bbox 378 1825 610 1875; x_wconf 88' lang='lat' dir='ltr'><strong>disputatio</strong></span> <span class='ocrx_word' id='word_1_207' title='bbox 639 1825 782 1876; x_wconf 83' lang='lat' dir='ltr'><strong>magni</strong></span> <span class='ocrx_word' id='word_1_208' title='bbox 812 1827 876 1864; x_wconf 85' lang='lat' dir='ltr'><strong>est</strong></span> <span class='ocrx_word' id='word_1_209' title='bbox 905 1826 1040 1875; x_wconf 87' lang='lat' dir='ltr'><strong>pretii.</strong></span> <span class='ocrx_word' id='word_1_210' title='bbox 1074 1825 1194 1871; x_wconf 87' lang='lat' dir='ltr'><strong>Quae</strong></span> <span class='ocrx_word' id='word_1_211' title='bbox 1212 1826 1401 1865; x_wconf 88' lang='lat' dir='ltr'><strong>carmina</strong></span> <span class='ocrx_word' id='word_1_212' title='bbox 1422 1825 1564 1865; x_wconf 87' lang='lat' dir='ltr'><strong>statim</strong></span> <span class='ocrx_word' id='word_1_213' title='bbox 1586 1827 1634 1865; x_wconf 90' lang='lat' dir='ltr'><strong>ut</strong></span> <span class='ocrx_word' id='word_1_214' title='bbox 1652 1824 1801 1876; x_wconf 73' lang='lat' dir='ltr'><strong>spuria</strong></span> <span class='ocrx_word' id='word_1_215' title='bbox 1819 1824 2016 1876; x_wconf 69' lang='lat' dir='ltr'><strong>secrevit,</strong></span> 
     </span>
     <span class='ocr_line' id='line_1_25' title="bbox 378 1889 2013 1941; baseline 0.001 -12"><span class='ocrx_word' id='word_1_216' title='bbox 378 1890 536 1940; x_wconf 88' lang='lat' dir='ltr'><strong>quippe</strong></span> <span class='ocrx_word' id='word_1_217' title='bbox 573 1902 597 1930; x_wconf 89' lang='lat' dir='ltr'><strong>a</strong></span> <span class='ocrx_word' id='word_1_218' title='bbox 635 1891 917 1941; x_wconf 86' lang='lat' dir='ltr'><strong>scriptoribus</strong></span> <span class='ocrx_word' id='word_1_219' title='bbox 945 1891 1155 1941; x_wconf 87' lang='lat' dir='ltr'><strong>exhibita,</strong></span> <span class='ocrx_word' id='word_1_220' title='bbox 1195 1902 1306 1941; x_wconf 89' lang='lat' dir='ltr'><strong>quos</strong></span> <span class='ocrx_word' id='word_1_221' title='bbox 1335 1891 1426 1941; x_wconf 89' lang='lat' dir='ltr'><strong>ipse</strong></span> <span class='ocrx_word' id='word_1_222' title='bbox 1459 1891 1545 1930; x_wconf 75' lang='lat' dir='ltr'><strong>fide</strong></span> <span class='ocrx_word' id='word_1_223' title='bbox 1571 1890 1799 1931; x_wconf 81' lang='lat' dir='ltr'><strong>destitutos</strong></span> <span class='ocrx_word' id='word_1_224' title='bbox 1825 1889 2013 1941; x_wconf 73' lang='lat' dir='ltr'><strong>censuit,</strong></span> 
     </span>
     <span class='ocr_line' id='line_1_26' title="bbox 376 1954 2016 2006; baseline 0.002 -13"><span class='ocrx_word' id='word_1_225' title='bbox 376 1966 424 1994; x_wconf 90' lang='lat' dir='ltr'><strong>ea</strong></span> <span class='ocrx_word' id='word_1_226' title='bbox 463 1955 646 2006; x_wconf 84' lang='lat' dir='ltr'><strong>amplius</strong></span> <span class='ocrx_word' id='word_1_227' title='bbox 676 1955 885 2005; x_wconf 87' lang='lat' dir='ltr'><strong>respicere</strong></span> <span class='ocrx_word' id='word_1_228' title='bbox 912 1967 997 1995; x_wconf 90' lang='lat' dir='ltr'><strong>non</strong></span> <span class='ocrx_word' id='word_1_229' title='bbox 1028 1956 1165 2006; x_wconf 85' lang='lat' dir='ltr'><strong>magis</strong></span> <span class='ocrx_word' id='word_1_230' title='bbox 1194 1967 1366 1995; x_wconf 84' lang='lat' dir='ltr'><strong>necesse</strong></span> <span class='ocrx_word' id='word_1_231' title='bbox 1394 1955 1543 1995; x_wconf 89' lang='lat' dir='ltr'><strong>habuit</strong></span> <span class='ocrx_word' id='word_1_232' title='bbox 1570 1966 1702 2006; x_wconf 86' lang='lat' dir='ltr'><strong>quam</strong></span> <span class='ocrx_word' id='word_1_233' title='bbox 1729 1954 1947 2006; x_wconf 75' lang='lat' dir='ltr'><strong>inquirere</strong></span> <span class='ocrx_word' id='word_1_234' title='bbox 1971 1954 2016 1996; x_wconf 81' lang='lat' dir='ltr'><strong>iu</strong></span> 
     </span>
     <span class='ocr_line' id='line_1_27' title="bbox 378 2020 2016 2072; baseline 0.001 -13"><span class='ocrx_word' id='word_1_235' title='bbox 378 2020 658 2070; x_wconf 87' lang='lat' dir='ltr'><strong>plurimorum</strong></span> <span class='ocrx_word' id='word_1_236' title='bbox 696 2032 844 2060; x_wconf 88' lang='lat' dir='ltr'><strong>eorum</strong></span> <span class='ocrx_word' id='word_1_237' title='bbox 882 2021 1237 2071; x_wconf 85' lang='lat' dir='ltr'><strong>epigrammatum</strong></span> <span class='ocrx_word' id='word_1_238' title='bbox 1274 2021 1505 2072; x_wconf 88' lang='lat' dir='ltr'><strong>originem,</strong></span> <span class='ocrx_word' id='word_1_239' title='bbox 1546 2032 1659 2071; x_wconf 91' lang='lat' dir='ltr'><strong>quae</strong></span> <span class='ocrx_word' id='word_1_240' title='bbox 1693 2021 1737 2061; x_wconf 85' lang='lat' dir='ltr'><strong>in</strong></span> <span class='ocrx_word' id='word_1_241' title='bbox 1770 2020 1903 2062; x_wconf 72' lang='lat' dir='ltr'><strong>altera</strong></span> <span class='ocrx_word' id='word_1_242' title='bbox 1929 2020 2016 2063; x_wconf 76' lang='lat' dir='ltr'><strong>dis·</strong></span> 
     </span>
     <span class='ocr_line' id='line_1_28' title="bbox 376 2085 2019 2138; baseline 0.001 -14"><span class='ocrx_word' id='word_1_243' title='bbox 376 2085 603 2135; x_wconf 86' lang='lat' dir='ltr'><strong>quisitione</strong></span> <span class='ocrx_word' id='word_1_244' title='bbox 643 2088 764 2135; x_wconf 91' lang='lat' dir='ltr'><strong>putat</strong></span> <span class='ocrx_word' id='word_1_245' title='bbox 806 2087 853 2125; x_wconf 91' lang='lat' dir='ltr'><strong>ut</strong></span> <span class='ocrx_word' id='word_1_246' title='bbox 895 2086 1119 2126; x_wconf 86' lang='lat' dir='ltr'><strong>subditicia</strong></span> <span class='ocrx_word' id='word_1_247' title='bbox 1156 2086 1389 2126; x_wconf 88' lang='lat' dir='ltr'><strong>abicienda.</strong></span> <span class='ocrx_word' id='word_1_248' title='bbox 1437 2087 1521 2126; x_wconf 89' lang='lat' dir='ltr'><strong>Nec</strong></span> <span class='ocrx_word' id='word_1_249' title='bbox 1557 2086 1742 2136; x_wconf 88' lang='lat' dir='ltr'><strong>denique</strong></span> <span class='ocrx_word' id='word_1_250' title='bbox 1777 2086 2019 2138; x_wconf 72' lang='lat' dir='ltr'><strong>respexisse</strong></span> 
     </span>
     <span class='ocr_line' id='line_1_29' title="bbox 376 2150 2012 2203; baseline 0.002 -14"><span class='ocrx_word' id='word_1_251' title='bbox 376 2153 450 2190; x_wconf 87' lang='lat' dir='ltr'><strong>aut</strong></span> <span class='ocrx_word' id='word_1_252' title='bbox 493 2151 665 2190; x_wconf 90' lang='lat' dir='ltr'><strong>novisse</strong></span> <span class='ocrx_word' id='word_1_253' title='bbox 702 2151 870 2190; x_wconf 87' lang='lat' dir='ltr'><strong>videtur</strong></span> <span class='ocrx_word' id='word_1_254' title='bbox 909 2151 1211 2191; x_wconf 88' lang='lat' dir='ltr'><strong>Wilamowitzii</strong></span> <span class='ocrx_word' id='word_1_255' title='bbox 1252 2151 1375 2202; x_wconf 79' lang='lat'>(1885</span> <span class='ocrx_word' id='word_1_256' title='bbox 1411 2155 1451 2191; x_wconf 92' lang='lat' dir='ltr'><strong>et</strong></span> <span class='ocrx_word' id='word_1_257' title='bbox 1492 2150 1638 2202; x_wconf 83' lang='lat'><strong>1889),</strong></span> <span class='ocrx_word' id='word_1_258' title='bbox 1683 2150 1803 2191; x_wconf 83' lang='lat' dir='ltr'><strong>Keilii</strong></span> <span class='ocrx_word' id='word_1_259' title='bbox 1842 2150 2012 2203; x_wconf 78' lang='lat'><strong>(1885),</strong></span> 
     </span>
     <span class='ocr_line' id='line_1_30' title="bbox 377 2215 971 2266; baseline 0.002 -12"><span class='ocrx_word' id='word_1_260' title='bbox 377 2215 687 2254; x_wconf 82' lang='lat' dir='ltr'><strong>Reitzensteinii</strong></span> <span class='ocrx_word' id='word_1_261' title='bbox 717 2217 874 2266; x_wconf 86' lang='lat' dir='ltr'><strong>scripta</strong></span> <span class='ocrx_word' id='word_1_262' title='bbox 902 2215 971 2266; x_wconf 76' lang='lat'><strong>⁵3).</strong></span> 
     </span>
    </p>

    <p class='ocr_par' dir='ltr' id='par_1_3' title="bbox 373 2280 2072 2591">
     <span class='ocr_line' id='line_1_31' title="bbox 429 2280 2012 2333; baseline 0.003 -14"><span class='ocrx_word' id='word_1_263' title='bbox 429 2280 645 2319; x_wconf 86' lang='lat' dir='ltr'><strong>Hauvettii</strong></span> <span class='ocrx_word' id='word_1_264' title='bbox 677 2282 866 2332; x_wconf 88' lang='lat' dir='ltr'><strong>vestigiis</strong></span> <span class='ocrx_word' id='word_1_265' title='bbox 895 2282 1046 2321; x_wconf 87' lang='lat' dir='ltr'><strong>institit</strong></span> <span class='ocrx_word' id='word_1_266' title='bbox 1078 2282 1207 2322; x_wconf 89' lang='lat' dir='ltr'><strong>Setti</strong></span> <span class='ocrx_word' id='word_1_267' title='bbox 1238 2281 1406 2332; x_wconf 86' lang='lat'><strong>(1900),</strong></span> <span class='ocrx_word' id='word_1_268' title='bbox 1439 2282 1512 2331; x_wconf 91' lang='lat' dir='ltr'><strong>qui</strong></span> <span class='ocrx_word' id='word_1_269' title='bbox 1532 2293 1557 2321; x_wconf 91' lang='lat' dir='ltr'><strong>a</strong></span> <span class='ocrx_word' id='word_1_270' title='bbox 1577 2282 1743 2322; x_wconf 87' lang='lat' dir='ltr'><strong>minore</strong></span> <span class='ocrx_word' id='word_1_271' title='bbox 1760 2280 2012 2333; x_wconf 66' lang='lat' dir='ltr'><strong>numen-0⁶⁰)</strong></span> 
     </span>
     <span class='ocr_line' id='line_1_32' title="bbox 374 2345 2013 2397; baseline 0.002 -13"><span class='ocrx_word' id='word_1_272' title='bbox 374 2345 575 2384; x_wconf 85' lang='lat' dir='ltr'><strong>indubiae</strong></span> <span class='ocrx_word' id='word_1_273' title='bbox 620 2346 717 2385; x_wconf 85' lang='lat' dir='ltr'><strong>fidei</strong></span> <span class='ocrx_word' id='word_1_274' title='bbox 764 2347 1119 2397; x_wconf 86' lang='lat' dir='ltr'><strong>epigrammatum</strong></span> <span class='ocrx_word' id='word_1_275' title='bbox 1166 2347 1522 2397; x_wconf 76' lang='lat' dir='ltr'><strong>proficiscendum</strong></span> <span class='ocrx_word' id='word_1_276' title='bbox 1569 2347 1735 2387; x_wconf 83' lang='lat' dir='ltr'><strong>censuit</strong></span> <span class='ocrx_word' id='word_1_277' title='bbox 1778 2346 1834 2388; x_wconf 81' lang='lat' dir='ltr'><strong>ad</strong></span> <span class='ocrx_word' id='word_1_278' title='bbox 1874 2349 2013 2388; x_wconf 65' lang='lat' dir='ltr'><strong>oeten</strong></span> 
     </span>
     <span class='ocr_line' id='line_1_33' title="bbox 373 2410 2008 2464; baseline 0.002 -15"><span class='ocrx_word' id='word_1_279' title='bbox 373 2410 656 2451; x_wconf 89' lang='lat' dir='ltr'><strong>diiudicanda.</strong></span> <span class='ocrx_word' id='word_1_280' title='bbox 705 2412 828 2451; x_wconf 89' lang='lat' dir='ltr'><strong>Hanc</strong></span> <span class='ocrx_word' id='word_1_281' title='bbox 864 2412 1135 2462; x_wconf 87' lang='lat' dir='ltr'><strong>scriptionem</strong></span> <span class='ocrx_word' id='word_1_282' title='bbox 1174 2413 1253 2452; x_wconf 85' lang='lat' dir='ltr'><strong>hoc</strong></span> <span class='ocrx_word' id='word_1_283' title='bbox 1290 2413 1373 2452; x_wconf 90' lang='lat' dir='ltr'><strong>iam</strong></span> <span class='ocrx_word' id='word_1_284' title='bbox 1411 2413 1502 2452; x_wconf 91' lang='lat' dir='ltr'><strong>loco</strong></span> <span class='ocrx_word' id='word_1_285' title='bbox 1538 2412 1803 2453; x_wconf 79' lang='lat' dir='ltr'><strong>afferendam</strong></span> <span class='ocrx_word' id='word_1_286' title='bbox 1836 2413 2008 2464; x_wconf 75' lang='lat' dir='ltr'><strong>putavi,</strong></span> 
     </span>
     <span class='ocr_line' id='line_1_34' title="bbox 374 2476 2072 2529; baseline 0.003 -15"><span class='ocrx_word' id='word_1_287' title='bbox 374 2487 470 2514; x_wconf 88' lang='lat' dir='ltr'><strong>cum</strong></span> <span class='ocrx_word' id='word_1_288' title='bbox 501 2476 587 2515; x_wconf 88' lang='lat' dir='ltr'><strong>v.d.</strong></span> <span class='ocrx_word' id='word_1_289' title='bbox 620 2487 692 2526; x_wconf 89' lang='lat' dir='ltr'><strong>ea,</strong></span> <span class='ocrx_word' id='word_1_290' title='bbox 725 2488 836 2526; x_wconf 88' lang='lat' dir='ltr'><strong>quae</strong></span> <span class='ocrx_word' id='word_1_291' title='bbox 864 2479 959 2527; x_wconf 91' lang='lat' dir='ltr'><strong>post</strong></span> <span class='ocrx_word' id='word_1_292' title='bbox 989 2477 1267 2517; x_wconf 83' lang='lat' dir='ltr'><strong>Hauvettium</strong></span> <span class='ocrx_word' id='word_1_293' title='bbox 1297 2478 1350 2517; x_wconf 92' lang='lat' dir='ltr'><strong>de</strong></span> <span class='ocrx_word' id='word_1_294' title='bbox 1371 2478 1621 2527; x_wconf 85' lang='lat' dir='ltr'><strong>quaestione</strong></span> <span class='ocrx_word' id='word_1_295' title='bbox 1642 2478 1861 2528; x_wconf 81' lang='lat' dir='ltr'><strong>disputata</strong></span> <span class='ocrx_word' id='word_1_296' title='bbox 1881 2481 2008 2529; x_wconf 76' lang='lat' dir='ltr'><strong>aunt,</strong></span> <span class='ocrx_word' id='word_1_297' title='bbox 2071 2490 2072 2493; x_wconf 70' lang='grc'>’</span> 
     </span>
     <span class='ocr_line' id='line_1_35' title="bbox 373 2540 1886 2591; baseline 0.007 -13"><span class='ocrx_word' id='word_1_298' title='bbox 373 2540 595 2591; x_wconf 88' lang='lat' dir='ltr'><strong>ignorasse</strong></span> <span class='ocrx_word' id='word_1_299' title='bbox 628 2542 835 2581; x_wconf 84' lang='lat' dir='ltr'><strong>videatur.</strong></span> <span class='ocrx_word' id='word_1_300' title='bbox 1883 2576 1886 2578; x_wconf 91' lang='lat'><em>-</em></span> 
     </span>
    </p>

    <p class='ocr_par' dir='ltr' id='par_1_4' title="bbox 373 2603 2072 2790">
     <span class='ocr_line' id='line_1_36' title="bbox 420 2603 2011 2660; baseline 0.003 -15"><span class='ocrx_word' id='word_1_301' title='bbox 420 2603 607 2658; x_wconf 79' lang='grc' dir='ltr'><em>Ἐποχὴν</em></span> <span class='ocrx_word' id='word_1_302' title='bbox 644 2607 686 2646; x_wconf 92' lang='lat' dir='ltr'><strong>in</strong></span> <span class='ocrx_word' id='word_1_303' title='bbox 725 2608 974 2657; x_wconf 86' lang='lat' dir='ltr'><strong>quaestione</strong></span> <span class='ocrx_word' id='word_1_304' title='bbox 1008 2608 1250 2647; x_wconf 89' lang='lat' dir='ltr'><strong>Simonidea</strong></span> <span class='ocrx_word' id='word_1_305' title='bbox 1279 2609 1501 2648; x_wconf 87' lang='lat' dir='ltr'><strong>tractanda</strong></span> <span class='ocrx_word' id='word_1_306' title='bbox 1529 2609 1726 2660; x_wconf 84' lang='lat' dir='ltr'><strong>designat</strong></span> <span class='ocrx_word' id='word_1_307' title='bbox 1753 2609 1863 2659; x_wconf 69' lang='lat' dir='ltr'><strong>lapis</strong></span> <span class='ocrx_word' id='word_1_308' title='bbox 1891 2606 2011 2650; x_wconf 72' lang='lat' dir='ltr'><strong>Sala·</strong></span> 
     </span>
     <span class='ocr_line' id='line_1_37' title="bbox 374 2670 2072 2728; baseline 0.004 -19"><span class='ocrx_word' id='word_1_309' title='bbox 374 2670 486 2710; x_wconf 90' lang='lat' dir='ltr'><strong>mine</strong></span> <span class='ocrx_word' id='word_1_310' title='bbox 521 2671 723 2710; x_wconf 86' lang='lat' dir='ltr'><strong>inventus</strong></span> <span class='ocrx_word' id='word_1_311' title='bbox 762 2672 926 2723; x_wconf 83' lang='grc'><strong>(1897),</strong></span> <span class='ocrx_word' id='word_1_312' title='bbox 969 2674 1011 2712; x_wconf 90' lang='lat' dir='ltr'><strong>in</strong></span> <span class='ocrx_word' id='word_1_313' title='bbox 1050 2685 1136 2722; x_wconf 89' lang='lat' dir='ltr'><strong>quo</strong></span> <span class='ocrx_word' id='word_1_314' title='bbox 1169 2673 1370 2723; x_wconf 85' lang='lat' dir='ltr'><strong>epitaphii</strong></span> <span class='ocrx_word' id='word_1_315' title='bbox 1401 2674 1484 2723; x_wconf 86' lang='lat' dir='ltr'><strong>(ep.</strong></span> <span class='ocrx_word' id='word_1_316' title='bbox 1516 2674 1587 2723; x_wconf 85' lang='grc'><strong>96)</strong></span> <span class='ocrx_word' id='word_1_317' title='bbox 1618 2674 1936 2714; x_wconf 82' lang='lat' dir='ltr'><strong>Corinthiorum</strong></span> <span class='ocrx_word' id='word_1_318' title='bbox 1963 2673 2008 2715; x_wconf 84' lang='lat' dir='ltr'><strong>in</strong></span> <span class='ocrx_word' id='word_1_319' title='bbox 2063 2721 2072 2728; x_wconf 54' lang='grc'><strong>,</strong></span> 
     </span>
     <span class='ocr_line' id='line_1_38' title="bbox 373 2735 2072 2790; baseline 0.002 -15"><span class='ocrx_word' id='word_1_320' title='bbox 373 2747 517 2786; x_wconf 87' lang='lat' dir='ltr'><strong>pugna</strong></span> <span class='ocrx_word' id='word_1_321' title='bbox 567 2735 797 2777; x_wconf 90' lang='lat' dir='ltr'><strong>Salaminia</strong></span> <span class='ocrx_word' id='word_1_322' title='bbox 844 2738 1160 2777; x_wconf 82' lang='lat' dir='ltr'><strong>interfectorum</strong></span> <span class='ocrx_word' id='word_1_323' title='bbox 1209 2739 1329 2788; x_wconf 89' lang='lat' dir='ltr'><strong>prius</strong></span> <span class='ocrx_word' id='word_1_324' title='bbox 1375 2741 1542 2777; x_wconf 87' lang='lat' dir='ltr'><strong>tantum</strong></span> <span class='ocrx_word' id='word_1_325' title='bbox 1585 2739 1795 2779; x_wconf 87' lang='lat' dir='ltr'><strong>distichon</strong></span> <span class='ocrx_word' id='word_1_326' title='bbox 1836 2738 2006 2790; x_wconf 80' lang='lat' dir='ltr'><strong>legitur.</strong></span> <span class='ocrx_word' id='word_1_327' title='bbox 2064 2750 2072 2754; x_wconf 68' lang='grc'><em>’</em></span> 
     </span>
    </p>
   </div>
   <div class='ocr_carea' id='block_1_3' title="bbox 376 2842 583 2849">
    <p class='ocr_par' dir='ltr' id='par_1_5' title="bbox 376 2842 583 2849">
     <span class='ocr_line' id='line_1_39' title="bbox 376 2842 583 2849; baseline 0 0"><span class='ocrx_word' id='word_1_328' title='bbox 376 2842 583 2849; x_wconf 95' lang='lat' dir='ltr'><strong> </strong></span> 
     </span>
    </p>
   </div>
   <div class='ocr_carea' id='block_1_4' title="bbox 370 2913 2008 3016">
    <p class='ocr_par' dir='ltr' id='par_1_6' title="bbox 370 2913 2008 3016">
     <span class='ocr_line' id='line_1_40' title="bbox 413 2913 2008 2962; baseline 0.003 -15"><span class='ocrx_word' id='word_1_329' title='bbox 413 2913 461 2952; x_wconf 63' lang='lat'><strong>5¹3)</strong></span> <span class='ocrx_word' id='word_1_330' title='bbox 509 2914 569 2947; x_wconf 78' lang='lat' dir='ltr'><strong>nic</strong></span> <span class='ocrx_word' id='word_1_331' title='bbox 593 2915 682 2948; x_wconf 82' lang='lat' dir='ltr'><strong>liber</strong></span> <span class='ocrx_word' id='word_1_332' title='bbox 703 2915 749 2948; x_wconf 83' lang='lat' dir='ltr'><strong>ab</strong></span> <span class='ocrx_word' id='word_1_333' title='bbox 770 2917 850 2948; x_wconf 75' lang='lat' dir='ltr'><strong>aliis</strong></span> <span class='ocrx_word' id='word_1_334' title='bbox 874 2917 1008 2958; x_wconf 80' lang='lat' dir='ltr'><strong>ingenti</strong></span> <span class='ocrx_word' id='word_1_335' title='bbox 1035 2917 1217 2958; x_wconf 83' lang='lat' dir='ltr'><strong>praeconio</strong></span> <span class='ocrx_word' id='word_1_336' title='bbox 1240 2917 1356 2949; x_wconf 71' lang='lat' dir='ltr'><strong>elatus</strong></span> <span class='ocrx_word' id='word_1_337' title='bbox 1380 2917 1460 2957; x_wconf 68' lang='lat' dir='ltr'><strong>(eg.</strong></span> <span class='ocrx_word' id='word_1_338' title='bbox 1486 2918 1609 2959; x_wconf 69' lang='lat' dir='ltr'><strong>Seni),</strong></span> <span class='ocrx_word' id='word_1_339' title='bbox 1639 2918 1684 2951; x_wconf 79' lang='lat' dir='ltr'><strong>ab</strong></span> <span class='ocrx_word' id='word_1_340' title='bbox 1706 2919 1787 2951; x_wconf 78' lang='lat' dir='ltr'><strong>aliis</strong></span> <span class='ocrx_word' id='word_1_341' title='bbox 1808 2928 1873 2952; x_wconf 79' lang='lat' dir='ltr'><strong>suo</strong></span> <span class='ocrx_word' id='word_1_342' title='bbox 1895 2919 2008 2962; x_wconf 65' lang='lat' dir='ltr'><strong>pretio</strong></span> 
     </span>
     <span class='ocr_line' id='line_1_41' title="bbox 370 2972 2006 3016; baseline 0.003 -13"><span class='ocrx_word' id='word_1_343' title='bbox 370 2972 578 3004; x_wconf 65' lang='lat' dir='ltr'><strong>aestimatus</strong></span> <span class='ocrx_word' id='word_1_344' title='bbox 600 2977 655 3004; x_wconf 82' lang='lat' dir='ltr'><strong>est</strong></span> <span class='ocrx_word' id='word_1_345' title='bbox 677 2972 757 3015; x_wconf 63' lang='lat' dir='ltr'><strong>(eg.</strong></span> <span class='ocrx_word' id='word_1_346' title='bbox 785 2973 911 3015; x_wconf 74' lang='lat' dir='ltr'><strong>Preger</strong></span> <span class='ocrx_word' id='word_1_347' title='bbox 934 2972 1083 3006; x_wconf 69' lang='lat' dir='ltr'><strong>NPhR.</strong></span> <span class='ocrx_word' id='word_1_348' title='bbox 1107 2972 1195 3006; x_wconf 78' lang='grc'><strong>1897</strong></span> <span class='ocrx_word' id='word_1_349' title='bbox 1220 2984 1250 3015; x_wconf 86' lang='lat' dir='ltr'><strong>p.</strong></span> <span class='ocrx_word' id='word_1_350' title='bbox 1264 2973 1330 3005; x_wconf 67' lang='lat'><strong>¹29</strong></span> <span class='ocrx_word' id='word_1_351' title='bbox 1346 2984 1441 3016; x_wconf 59' lang='lat' dir='ltr'><strong>sqq,</strong></span> <span class='ocrx_word' id='word_1_352' title='bbox 1466 2974 1507 3007; x_wconf 83' lang='lat' dir='ltr'><strong>ll.</strong></span> <span class='ocrx_word' id='word_1_353' title='bbox 1527 2974 1649 3006; x_wconf 76' lang='lat' dir='ltr'><strong>Stuart</strong></span> <span class='ocrx_word' id='word_1_354' title='bbox 1669 2974 1775 3007; x_wconf 74' lang='lat' dir='ltr'><strong>sones</strong></span> <span class='ocrx_word' id='word_1_355' title='bbox 1793 2974 1903 3008; x_wconf 64' lang='lat' dir='ltr'><strong>Cim.</strong></span> <span class='ocrx_word' id='word_1_356' title='bbox 1922 2974 2006 3009; x_wconf 69' lang='lat' dir='ltr'><strong>ner.</strong></span> 
     </span>
    </p>
   </div>
   <div class='ocr_carea' id='block_1_5' title="bbox 370 3026 2004 3129">
    <p class='ocr_par' dir='ltr' id='par_1_7' title="bbox 370 3026 2004 3129">
     <span class='ocr_line' id='line_1_42' title="bbox 370 3026 1627 3072; baseline 0.002 -13"><span class='ocrx_word' id='word_1_357' title='bbox 370 3026 456 3059; x_wconf 61' lang='lat'><strong>1⁸97</strong></span> <span class='ocrx_word' id='word_1_358' title='bbox 483 3039 513 3069; x_wconf 78' lang='lat' dir='ltr'><strong>p.</strong></span> <span class='ocrx_word' id='word_1_359' title='bbox 538 3027 604 3060; x_wconf 91' lang='grc'><strong>170</strong></span> <span class='ocrx_word' id='word_1_360' title='bbox 627 3029 703 3070; x_wconf 59' lang='lat' dir='ltr'><strong>sq).</strong></span> <span class='ocrx_word' id='word_1_361' title='bbox 741 3029 974 3063; x_wconf 79' lang='lat' dir='ltr'><strong>Wilmnowitz</strong></span> <span class='ocrx_word' id='word_1_362' title='bbox 999 3040 1043 3062; x_wconf 90' lang='lat' dir='ltr'><strong>ne</strong></span> <span class='ocrx_word' id='word_1_363' title='bbox 1067 3030 1323 3072; x_wconf 75' lang='lat' dir='ltr'><strong>respiciendum</strong></span> <span class='ocrx_word' id='word_1_364' title='bbox 1348 3030 1491 3071; x_wconf 82' lang='lat' dir='ltr'><strong>quidem</strong></span> <span class='ocrx_word' id='word_1_365' title='bbox 1516 3031 1627 3063; x_wconf 73' lang='lat' dir='ltr'><strong>«luxit.</strong></span> 
     </span>
     <span class='ocr_line' id='line_1_43' title="bbox 414 3083 2004 3129; baseline 0.002 -11"><span class='ocrx_word' id='word_1_366' title='bbox 414 3083 460 3118; x_wconf 56' lang='grc' dir='ltr'><strong>Μ)</strong></span> <span class='ocrx_word' id='word_1_367' title='bbox 506 3087 598 3117; x_wconf 68' lang='lat' dir='ltr'><strong>Sunt</strong></span> <span class='ocrx_word' id='word_1_368' title='bbox 628 3095 704 3127; x_wconf 71' lang='lat' dir='ltr'><strong>epp.</strong></span> <span class='ocrx_word' id='word_1_369' title='bbox 728 3084 790 3125; x_wconf 66' lang='lat'><strong>94,</strong></span> <span class='ocrx_word' id='word_1_370' title='bbox 815 3085 899 3126; x_wconf 85' lang='grc'><strong>111,</strong></span> <span class='ocrx_word' id='word_1_371' title='bbox 926 3085 1005 3126; x_wconf 73' lang='grc'><strong>130,</strong></span> <span class='ocrx_word' id='word_1_372' title='bbox 1030 3085 1113 3127; x_wconf 80' lang='grc'><strong>131,</strong></span> <span class='ocrx_word' id='word_1_373' title='bbox 1136 3085 1220 3126; x_wconf 69' lang='grc'><strong>136,</strong></span> <span class='ocrx_word' id='word_1_374' title='bbox 1244 3084 1327 3125; x_wconf 81' lang='grc'><strong>137,</strong></span> <span class='ocrx_word' id='word_1_375' title='bbox 1351 3085 1434 3126; x_wconf 64' lang='grc'><strong>115,</strong></span> <span class='ocrx_word' id='word_1_376' title='bbox 1458 3086 1542 3126; x_wconf 72' lang='grc'><strong>147,</strong></span> <span class='ocrx_word' id='word_1_377' title='bbox 1570 3086 1649 3126; x_wconf 69' lang='lat'><strong>¹57,</strong></span> <span class='ocrx_word' id='word_1_378' title='bbox 1680 3087 1811 3129; x_wconf 74' lang='lat' dir='ltr'><strong>quilius</strong></span> <span class='ocrx_word' id='word_1_379' title='bbox 1840 3087 2004 3121; x_wconf 76' lang='lat' dir='ltr'><strong>undecim</strong></span> 
     </span>
    </p>
   </div>
   <div class='ocr_carea' id='block_1_6' title="bbox 370 3141 1404 3184">
    <p class='ocr_par' dir='ltr' id='par_1_8' title="bbox 370 3141 1404 3184">
     <span class='ocr_line' id='line_1_44' title="bbox 370 3141 1404 3184; baseline 0.005 -13"><span class='ocrx_word' id='word_1_380' title='bbox 370 3142 436 3172; x_wconf 75' lang='lat' dir='ltr'><strong>ulia</strong></span> <span class='ocrx_word' id='word_1_381' title='bbox 460 3141 568 3178; x_wconf 59' lang='lat' dir='ltr'><strong>(inter</strong></span> <span class='ocrx_word' id='word_1_382' title='bbox 591 3152 683 3184; x_wconf 75' lang='lat' dir='ltr'><strong>qnae</strong></span> <span class='ocrx_word' id='word_1_383' title='bbox 707 3152 781 3184; x_wconf 78' lang='lat' dir='ltr'><strong>opp.</strong></span> <span class='ocrx_word' id='word_1_384' title='bbox 805 3141 844 3174; x_wconf 73' lang='lat'><strong>01</strong></span> <span class='ocrx_word' id='word_1_385' title='bbox 873 3146 909 3174; x_wconf 79' lang='lat' dir='ltr'><strong>ct</strong></span> <span class='ocrx_word' id='word_1_386' title='bbox 931 3142 991 3179; x_wconf 67' lang='lat'><strong>9⁸2)</strong></span> <span class='ocrx_word' id='word_1_387' title='bbox 1013 3143 1196 3175; x_wconf 68' lang='lat' dir='ltr'><strong>adalidem</strong></span> <span class='ocrx_word' id='word_1_388' title='bbox 1221 3143 1404 3176; x_wconf 66' lang='lat' dir='ltr'><strong>llam-etto.</strong></span> 
     </span>
    </p>
   </div>
  </div>
 </body>
</html>
