2072 3568
853 235 856 238 ·
895 277 897 280 Α
935 226 1011 266 135
1505 228 1531 280 3
1564 229 1785 270 102-105,

62 321 373 411 *legantuffi
415 351 528 388 certo
563 350 629 388 vel
658 351 807 389 saltem
836 352 1112 401 probabiliter
1139 353 1318 392 indicari
1346 366 1472 404 posse
1499 367 1592 404 epp.
1622 354 1791 406 viyinti

70 408 272 475 ldae,
313 426 423 464 quae
459 416 609 454 ornata
646 417 788 454 essent
825 416 958 456 titulis
1000 417 1253 457 Simonideis
1286 420 1591 458 vetustioribus
1620 421 1646 459 i.
1675 432 1709 459 e.
1738 433 1789 459 ex

77 475 329 530 ‘gffffssylloge
359 479 601 519 Simonidea
630 482 897 532 propagatis:
930 481 1004 521 VI.
1034 483 1085 522 50
1113 484 1154 522 et
1185 484 1260 523 197
1292 483 1338 535 (ἓ
1370 483 1460 534 99),
1494 485 1570 524 213
1603 485 1649 536 (ἓ
1676 484 1784 534 100),

84 544 231 587 214
269 547 309 584 et
345 545 422 584 215
462 544 541 596 (33
579 546 652 596 99,
697 545 811 597 100),
854 547 932 587 216
972 547 1018 598 (3
1061 547 1176 598 100),
1212 547 1309 588 vn.
1343 550 1421 588 243
1452 549 1530 600 (33
1562 550 1634 600 99,
1670 550 1784 600 101),

142 609 232 650 ’249
271 609 350 662 (ἓξ
385 611 457 661 99,
492 611 590 661 101,
625 611 723 662 103,
766 623 814 652 ea:
843 611 1059 653 omnibus
1086 612 1235 665 iyitur
1265 613 1414 654 tribus
1441 613 1669 665 indiciis),
1709 616 1788 654 250

133 673 235 727 ,(33
265 675 336 726 99,
371 674 486 726 101),
519 676 595 716 251
625 678 664 716 et
693 677 771 716 253
802 676 882 729 (33
914 678 1012 728 101,
1048 678 1163 729 103),
1198 679 1274 718 254
1304 682 1343 718 et
1372 680 1450 719 257
1482 679 1529 730 (3
1562 679 1677 730 101),
1710 681 1788 719 253

70 750 83 792 jj
136 724 236 792 -(§§
267 740 364 791 101,
399 739 514 792 103),
546 742 624 781 296
655 741 701 793 (ἓ
732 741 823 793 99),
856 743 934 782 347
966 742 1045 794 (ἐξ
1076 744 1150 793 99,
1186 743 1302 794 103),
1335 745 1413 783 348
1441 747 1481 783 et
1511 745 1588 784 508
1619 744 1665 795 (ξ
1693 744 1783 795 99),

8 834 11 838 -
154 805 231 846 512
261 805 308 857 (ξ
342 805 456 856 103),
489 807 567 846 677
598 806 678 858 (ἐξ
708 808 781 857 99,
817 807 934 858 103),
967 807 1044 847 ΙΧ.
1067 809 1143 847 700
1174 808 1220 860 (ξ
1252 808 1344 859 99),
1378 809 1501 849 ΧΙΙΙ.
1521 810 1572 849 26
1599 809 1645 861 (ξ
1674 810 1783 860 103).

74 874 80 920 ζ
154 870 414 930 Exciderunt
441 872 551 911 tituli
579 884 673 922 epp.
699 872 798 912 VII.
827 874 919 923 257,
954 873 1045 924 347,
1082 872 1211 925 [677].

213 935 363 976 Unum
399 949 464 987 ep.
496 938 577 976 illis
607 938 756 988 viginti
785 939 955 977 duobus
984 939 1230 989 adiecerim,
1273 952 1341 979 sc..
1359 952 1423 990 ep.
1450 940 1547 979 VII.
1579 941 1627 980 77
1659 941 1781 991 (Sim.

154 999 272 1051 129),
314 1003 429 1051 quod
470 1002 700 1042 Simonidis
741 1004 954 1043 somnium
993 1005 1311 1043 celeberrimum
1349 1006 1543 1044 celebrat.
1591 1007 1681 1045 Hoc
1718 1019 1782 1055 ep.

82 1067 98 1100 ἰ
123 1054 125 1056 ’
152 1066 266 1116 apud
295 1067 523 1117 scriptores
551 1068 751 1117 antiquos
782 1069 1003 1119 vulgatum
1035 1069 1105 1119 (cf.
1138 1069 1163 1120 ἓ
1194 1069 1262 1119 58)
1294 1082 1317 1109 a
1348 1071 1576 1110 Collectore
1604 1074 1786 1120 praeter-

75 1135 109 1187 ji'
153 1131 331 1171 missum
361 1145 446 1172 non
476 1134 656 1173 videtur.
691 1135 783 1173 Noli
813 1136 954 1174 tamen
982 1136 1081 1174 inde
1109 1137 1316 1175 deducere
1343 1148 1407 1186 ep.
1437 1137 1533 1186 128,
1566 1137 1680 1186 quod
1709 1149 1787 1186 pro

71 1195 107 1252 ζ’
152 1197 281 1236 huius
317 1198 636 1249 epigrammatis
673 1201 849 1250 gemello
885 1201 1032 1239 haberi
1062 1202 1194 1240 soleat
1223 1203 1351 1251 atque
1380 1201 1479 1241 VII.
1507 1202 1584 1241 516
1613 1203 1786 1241 alterius

153 1263 273 1302 seriei
319 1262 673 1314 epigrammatum
726 1266 1067 1305 Simonideorum
1114 1267 1413 1317 sepulcralium
1461 1268 1514 1306 sit
1561 1268 1782 1317 ultimum,

150 1328 276 1367 etiam
318 1329 360 1368 in
403 1329 573 1380 Sylloge
609 1331 800 1370 affuisse.
847 1332 972 1371 Nullo
1000 1333 1112 1371 enim
1141 1333 1183 1371 in
1214 1334 1453 1372 testimonio
1481 1334 1785 1383 epigrammata

149 1393 220 1432 illa
261 1395 583 1445 coniunguntur
625 1397 706 1435 nisi
749 1397 791 1435 in
834 1398 1108 1437 annotatione
1152 1398 1384 1449 (Michaelis
1429 1398 1703 1448 Chartularii)
1742 1399 1784 1437 in

150 1459 241 1498 cod.
271 1460 358 1499 Pal.
387 1473 483 1511 pag.
510 1462 588 1501 219
618 1474 753 1512 marg.
782 1474 877 1512 sup.
907 1465 1088 1502 servata.

203 1524 459 1575 Fragmenta
482 1527 644 1566 maiora
668 1528 869 1567 ordinum
893 1529 1247 1579 epigrammatum
1273 1541 1324 1568 ex
1349 1529 1520 1580 Sylloge
1544 1529 1784 1569 Simonidea

107 1600 110 1602 ’
149 1600 175 1629 a
203 1589 414 1641 Meleagro
442 1594 737 1642 excerptorum
767 1594 975 1632 habemus
1004 1594 1109 1633 duo:
1139 1595 1439 1633 donativorum
1468 1607 1560 1644 epp.
1582 1594 1657 1634 VI.
1682 1595 1780 1644 213,

152 1653 241 1705 (ep.
284 1655 386 1695 Sim.
428 1657 552 1708 147>,
587 1656 662 1697 VI.
700 1658 800 1708 214,
833 1659 933 1709 215,
966 1659 1044 1699 216
1074 1663 1202 1709 atque
1231 1660 1531 1709 sepulcralium
1559 1672 1652 1710 epp.
1683 1659 1780 1699 VII.

67 1717 84 1782 3}
150 1719 250 1770 248,
283 1721 384 1771 249,
420 1722 510 1772 <ep.
541 1722 644 1762 Sim.
673 1723 773 1774 96),
803 1723 902 1763 VII.
931 1725 1030 1774 250,
1064 1725 1164 1775 251,
1197 1725 1296 1775 253,
1331 1725 1429 1775 254,
1463 1726 1559 1775 257,
1593 1725 1683 1764 258.

202 1785 236 1824 Α
280 1786 451 1839 Sylloge
495 1788 737 1828 Simonidea
779 1790 915 1829 aliena
957 1802 1051 1829 esse
1093 1791 1183 1829 sive
1226 1791 1269 1829 in
1308 1793 1453 1830 nostra
1490 1791 1786 1840 disquisitione

69 1843 105 1899 ‘ssss
150 1852 347 1901 apparuit
393 1853 483 1892 sive
529 1854 660 1893 verbo
707 1855 853 1894 monui
899 1867 994 1905 epp.
1042 1854 1397 1907 duodetriyinta
1438 1857 1570 1895 haec:
1615 1855 1666 1895 V.
1710 1856 1785 1895 158

151 1914 196 1968 (3
226 1916 278 1956 90
306 1929 347 1956 ιι.
369 1917 480 1969 116),
507 1917 581 1958 VI.
611 1919 635 1958 2
667 1918 711 1971 (3
743 1920 857 1971 103),
893 1921 968 1960 145
999 1920 1044 1972 (3
1075 1921 1123 1960 91
1157 1933 1198 1960 ιι.
1221 1921 1334 1972 120),
1367 1922 1467 1971 212,
1501 1921 1598 1960 213*
1627 1939 1679 1954 =
1710 1922 1784 1960 144

151 1979 196 2032 (3
234 1981 322 2033 91),
364 1983 442 2023 217
482 1983 526 2035 (3
567 1984 680 2035 100),
722 1985 799 2024 343
840 1985 885 2037 (3
925 1986 1014 2037 97),
1053 1985 1152 2025 vn.
1191 1986 1242 2025 20
1273 1986 1318 2038 (3
1349 1986 1437 2037 93),
1471 1987 1544 2037 24,
1577 1987 1628 2026 25
1659 1985 1703 2037 (3
1734 1987 1784 2025 32

70 2049 102 2097 jz...
150 2057 191 2086 ιι.
213 2046 327 2098 103),
360 2048 436 2088 254
467 2050 494 2088 b
524 2048 568 2100 (3
602 2049 715 2100 101),
748 2051 822 2090 301
856 2050 900 2102 (3
934 2051 1046 2102 103),
1080 2051 1334 2102 3440145,
1368 2051 1479 2101 344*,
1513 2052 1589 2091 345
1621 2051 1665 2102 (3
1693 2051 1780 2101 92),

63 2103 103 2168 sg-
148 2111 223 2151 431
264 2111 309 2163 (3
348 2113 440 2164 37),
481 2115 582 2165 442,
622 2115 700 2154 443
741 2115 785 2166 (3
828 2116 943 2167 103),
987 2117 1083 2167 507,
1126 2117 1203 2156 514
1243 2116 1287 2168 (3
1331 2117 1445 2167 102),
1489 2117 1565 2156 647
1605 2116 1648 2168 (3
1688 2116 1779 2166 33),

148 2174 225 2217 ΙΧ.
256 2178 331 2218 147
361 2178 406 2231 (3
436 2179 528 2231 34),
562 2179 638 2220 XI.
667 2180 712 2220 9*
741 2198 794 2213 =
823 2181 876 2221 v.
907 2182 983 2221 160
1013 2181 1058 2233 (3
1089 2181 1180 2232 90),
1214 2181 1336 2221 xm.
1369 2183 1414 2221 11
1447 2182 1492 2234 (3
1523 2183 1573 2222 32
1604 2195 1644 2221 ιι.
1668 2182 1779 2232 103),

150 2241 220 2293 14,
255 2243 327 2294 19,
359 2245 412 2284 23
441 2244 486 2297 (3
517 2245 599 2295 96).

87 2361 91 2364 ,
201 2308 353 2359 Itaque
381 2309 676 2362 undeviqinti
703 2313 804 2351 sunt
833 2323 926 2362 epp.
948 2310 1041 2362 (VI.
1061 2313 1133 2362 52,
1165 2311 1263 2351 vn.
1286 2313 1380 2362 177,
1414 2313 1513 2362 270,
1547 2313 1645 2362 300,
1679 2313 1779 2361 302,

149 2372 248 2424 349,
286 2374 387 2426 496,
426 2376 503 2416 507
534 2377 583 2427 b,
623 2377 722 2427 509,
761 2377 860 2427 510,
900 2377 999 2427 511,
1040 2377 1139 2427 513,
1173 2378 1272 2428 515,
1306 2378 1405 2427 516,
1445 2377 1520 2416 1x.
1551 2378 1646 2427 757,
1681 2378 1778 2428 753,

149 2437 198 2478 X.
234 2439 331 2490 105,
372 2438 496 2480 XIII.
530 2441 603 2491 20,
637 2442 727 2492 30),
770 2454 880 2492 quae
918 2454 1021 2481 num
1059 2454 1111 2482 ex
1152 2443 1323 2493 Sylloge
1354 2443 1595 2482 Simonidea
1625 2443 1667 2481 in
1697 2443 1778 2481 ΑΡ.

149 2505 419 2553 pervenerint
447 2518 502 2546 an
531 2519 754 2557 perperam
785 2507 827 2557 (i.
856 2519 891 2547 e.
921 2510 1067 2547 contra
1100 2508 1293 2558 Sylloges
1322 2509 1640 2557 auctoritatem,
1684 2519 1781 2547 nam

2 2594 5 2595 ν
148 2567 202 2608 de
231 2568 447 2610 Simonide
474 2572 568 2622 ipso
596 2575 768 2612 auctore
796 2585 911 2612 nunc
935 2585 1018 2612 non
1045 2572 1282 2624 quaeritur)
1312 2573 1602 2612 Simonideum
1630 2585 1780 2611 nomen

79 2639 112 2686 ᾗ,
132 2635 302 2674 nancta
331 2635 438 2686 sint,
479 2637 644 2677 indiciis
673 2640 833 2677 nostris
861 2638 1003 2678 dirimi
1033 2650 1117 2677 non
1148 2639 1296 2688 potuit.
1348 2677 1358 2684 ,

201 2697 279 2737 Vix
319 2699 502 2750 denique
542 2703 802 2741 monendum
843 2705 922 2742 erit
964 2715 1116 2753 parum
1160 2703 1353 2753 religiose
1395 2715 1521 2752 agere
1563 2715 1661 2751 eOS,
1709 2703 1779 2751 qui

149 2772 264 2802 mero
300 2764 577 2817 Anthologiae
603 2768 725 2806 titulo
754 2768 849 2807 freti
878 2769 1141 2818 epigramma
1171 2768 1386 2818 quoddam
1420 2768 1616 2817 Syfl0g²¹e
1648 2767 1781 2806 Sim‘*

73 2821 97 2859 ἶ
148 2827 317 2880 nideae,
351 2831 505 2871 nedum
536 2832 673 2872 dicam
705 2832 910 2872 Simonidi
939 2834 1043 2883 ipsi,
1077 2834 1302 2872 vindicent.

601 2933 665 2972 20.
725 2942 1034 2972 ANTHOLOGIA
1065 2941 1324 2972 PLANUDEA.

203 3022 230 3075 g
263 3024 350 3064 105.
412 3025 549 3066 ΛηίΙι.
584 3025 716 3067 Plan.
750 3038 850 3079 epp.
885 3026 1262 3067 Simonideorum
1303 3026 1476 3066 tabula.
1540 3028 1780 3066 Simonidea

75 3066 98 3087 ἶ»
148 3098 260 3140 epp.,
298 3101 409 3139 quae
436 3091 562 3131 Anth.
591 3092 710 3132 Plan.
739 3093 829 3131 sive
860 3093 1090 3132 Simonidis
1121 3092 1289 3131 nomine
1317 3095 1466 3131 ornata
1496 3092 1662 3131 exhibet
1692 3093 1781 3131 sive
