2072 3568
345 202 445 251 Cap.
480 196 570 249 111,
607 197 667 238 19.
1126 194 1202 235 180

344 323 718 375 chartophylacis,
760 324 807 362 ut
846 321 1014 361 videtur
1054 321 1125 371 (ct.
1162 319 1342 360 Stadtm.
1376 317 1421 360 11
1459 331 1500 371 p.
1534 317 1638 360 xlv
1667 330 1733 371 sq.
1770 321 1814 360 et
1848 329 1983 372 mpn

345 391 371 441 ξ
402 390 493 441 93),
534 388 764 439 exemplari
796 387 984 438 petitum.
1035 386 1184 436 ltaque
1213 397 1298 425 non
1327 396 1379 425 ex
1409 385 1621 436 Meleagro
1649 387 1870 438 sumptum
1896 386 1982 435 αἱς

342 456 457 507 quod
486 457 702 506 praeterea
730 466 780 492 eo
807 453 1146 501 demonstratur,
1180 451 1294 501 quod
1318 450 1521 491 abhorret
1542 462 1567 490 a
1591 452 1829 491 ceterorum
1853 450 1984 491 huius
2057 443 2072 509 Ξ

343 522 464 562 seriei
506 521 774 561 Simonideae
810 522 851 558 et
885 519 1016 558 totius
1045 518 1167 557 seriei
1198 517 1466 567 Cephalanae
1496 515 1745 567 (226—259)
1773 515 1984 567 epigram·

344 589 503 626 matum
534 588 788 637 argumento
812 585 889 635 (sc.
915 585 956 623 in
986 584 1101 622 viros
1125 582 1296 632 fortes„
1326 585 1417 621 tum
1445 581 1684 631 neglegitur
1706 581 1750 622 iu
1772 581 1983 633 epigram·

344 654 503 691 matum
529 650 843 702 computatione
866 649 1022 688 codicis
1048 648 1251 696 Palatini,
1284 648 1437 687 lemma
1459 646 1643 696 denique
1663 645 1984 698 epigrammati·

343 718 420 757 255
450 717 620 767 respicit
648 717 702 756 ad
731 716 884 755 lemma
913 727 978 765 ep.
1004 715 1096 754 254.

398 784 574 822 Restant
611 794 706 832 epp.
748 783 855 820 octo,
903 781 1001 820 Tria
1041 780 1177 830 prima
1217 777 1336 829 (VII.
1374 775 1605 827 248-250)
1644 777 1728 816 iam
1764 787 1817 817 ex
1853 776 1984 818 trudl-

343 850 455 888 tione
496 848 524 888 S
566 847 612 900 (ξ
643 846 713 898 99)
752 847 795 886 in
828 846 1000 897 Sylloge
1028 845 1208 885 affuisse
1237 845 1422 891 constan
1462 842 1659 881 ultimum
1687 852 1753 892 ep.
1778 839 1878 882 vn.
1902 841 1985 884 258
2067 848 2072 873 ²-

346 911 767 964 (Eurymedontium)
809 924 894 951 non
934 911 1171 961 neglectum
1205 919 1300 947 esse
1327 919 1351 947 a
1382 907 1612 947 collectore
1639 906 1868 947 verisimile
1892 909 1981 958 eat,

343 991 467 1029 quem
493 978 682 1018 eiusdem
707 977 947 1028 argumenti
972 988 1037 1026 ep.
1063 974 1162 1015 VII.
1186 974 1264 1014 296
1291 973 1416 1024 (Sim.
1443 972 1537 1022 142)
1565 971 1775 1023 recepisse
1795 972 1985 1013 edamus

342 1057 392 1084 ex
431 1045 540 1084 trad.
581 1044 624 1084 S.
673 1044 788 1094 Ergo
825 1043 948 1082 valde
985 1041 1204 1092 probabile
1239 1042 1303 1079 est
1342 1040 1453 1079 hane
1489 1038 1736 1078 continuam
1773 1037 1926 1079 seriem
1957 1049 1984 1080 a
2070 1043 2072 1045 ’

343 1111 554 1160 Meleagro
582 1111 713 1149 totam
742 1120 793 1147 ex
826 1108 998 1159 Sylloge
1025 1109 1267 1157 excerptam
1297 1106 1339 1144 in
1370 1105 1657 1155 Cephalauam
1686 1102 1983 1154 Anthologiam
2062 1113 2072 1126 ss

343 1177 594 1216 translatam
637 1187 743 1215 esse.
790 1175 909 1220 Quae
952 1173 1139 1223 suspicio
1176 1184 1226 1212 eo
1262 1171 1509 1211 confirmari
1548 1169 1735 1220 videtur,
1778 1168 1895 1220 quod
1930 1179 1985 1210 ex
2064 1172 2068 1174 ’

343 1245 546 1293 quattuor
587 1240 934 1292 epigrammatis,
984 1251 1095 1289 quae
1136 1249 1251 1278 nune
1292 1237 1417 1276 unice
1455 1248 1508 1275 ex
1547 1235 1698 1275 ordine
1740 1232 1986 1275 Simoniden
2063 1225 2072 1260 ’ἶ

346 1307 544 1357 Syllogae
589 1306 857 1345 Simonideae
898 1305 1195 1344 adiudicamus
1239 1301 1357 1354 (VII.
1399 1302 1506 1351 251,
1551 1300 1657 1350 253,
1702 1299 1808 1350 254,
1852 1297 1981 1351 25⁷),

343 1373 429 1411 duo
469 1372 587 1423 (251,
629 1371 726 1421 253)
767 1382 818 1409 ex
857 1370 1091 1409 imitatione
1128 1368 1369 1407 Mnasalcae
1405 1378 1579 1417 quoque
1613 1366 1651 1405 ei
1688 1364 1985 1406 attribuuntur

345 1437 488 1487 (etiam
528 1436 722 1475 ultimum
758 1447 823 1486 ep.
855 1434 973 1485 258),
1015 1434 1069 1474 cf.
1100 1432 1126 1484 ξ
1159 1433 1248 1473 103.
1291 1454 1343 1461 --
1382 1432 1513 1472 Seriei
1545 1430 1815 1471 Simonideae
1840 1430 1933 1471 aive
1956 1440 1983 1470 a
2069 1445 2072 1480 j

344 1502 528 1552 Cephala
567 1501 658 1540 sive
694 1522 746 1528 —
782 1500 898 1550 quod
937 1500 1078 1550 potius
1116 1499 1243 1538 credo
1281 1521 1330 1525 —
1369 1510 1393 1538 a
1426 1498 1639 1548 Meleagro
1665 1497 1761 1548 ipso
1786 1495 1875 1536 duo
1900 1494 1983 1536 alia

343 1579 436 1617 epp.
468 1566 696 1617 (Antipatri
722 1565 820 1605 VII.
851 1566 951 1615 252,
985 1565 1181 1615 Aeschyli
1206 1562 1305 1604 VII.
1334 1562 1432 1613 255)
1462 1563 1687 1602 interserta
1716 1563 1842 1612 sunt,
1873 1570 1986 1611 quae

343 1633 595 1671 sententiam
620 1631 837 1681 quandam
862 1643 958 1670 cum
985 1642 1049 1680 ep.
1071 1629 1170 1670 VII.
1194 1629 1269 1669 251
1297 1640 1566 1668 communem
1589 1627 1762 1667 habent.
1794 1625 1984 1666 Platonis

343 1701 484 1737 autem
522 1697 818 1748 epigrammati
858 1695 956 1735 VII.
995 1696 1073 1735 256
1112 1695 1343 1745 primarius
1380 1694 1500 1733 locus
1528 1693 1663 1732 fuisse
1691 1691 1861 1732 videtur
1886 1692 1985 1741 poet
2070 1731 2072 1733 ,

343 1775 407 1813 ep.
433 1762 532 1802 VII.
560 1763 657 1810 258;
689 1774 774 1811 qua
803 1762 855 1800 de
884 1773 929 1800 re
958 1761 1042 1800 vid.
1071 1772 1216 1811 supra.

398 1828 487 1867 Iam
531 1839 606 1878 per
648 1839 694 1866 se
736 1826 954 1877 probabile
993 1829 1057 1865 est
1099 1826 1142 1864 in
1186 1826 1355 1866 Corona
1397 1825 1492 1864 Mel.
1534 1824 1645 1863 hanc
1681 1821 1982 1873 sepulcralium

343 1893 698 1943 epigrammatum
740 1891 1081 1931 Simonideorum
1112 1891 1263 1930 seriem
1293 1890 1539 1930 eontinuam
1569 1889 1692 1939 plura
1720 1887 1982 1939 complexam

342 1970 437 1997 esse
472 1970 567 2008 epp.
605 1970 734 2008 quam
772 1960 866 1996 octo
902 1958 971 1996 illa
1010 1957 1052 1995 in
1091 1957 1174 1996 ΑΡ.
1212 1959 1401 2004 servata3
1430 1953 1792 2005 quemadmodum
1818 1952 1983 1993 donati-

344 2035 495 2062 vorum
533 2024 887 2074 epigrammatum
928 2022 1269 2062 Simonideorum
1307 2021 1447 2060 ordini
1487 2018 1606 2071 (VII.
1643 2018 1723 2059 212
1758 2017 1877 2070 sqq.)
1914 2029 1983 2059 ao-
2068 2044 2072 2053 .-

343 2101 515 2128 censere
552 2091 796 2138 poteramus
836 2088 939 2128 Sim.
977 2100 1041 2138 ep.
1082 2087 1177 2137 147,
1218 2087 1333 2137 quod
1371 2087 1415 2125 in
1451 2085 1644 2125 Palatino
1676 2096 1764 2124 non
1797 2083 1984 2135 amplius

343 2156 570 2204 comparet.
615 2155 752 2203 Atque
794 2165 941 2193 revera
984 2165 1120 2192 unum
1162 2165 1227 2203 ep.
1269 2152 1458 2191 indicare
1499 2162 1627 2201 posse
1666 2149 1770 2189 mihi
1812 2148 1979 2200 videor,

343 2219 455 2268 quod
486 2220 600 2269 apud
631 2220 888 2270 Meleagrum
919 2219 962 2257 in
992 2220 1139 2257 nostra
1170 2218 1278 2257 serie
1304 2218 1460 2256 lectum
1489 2216 1557 2254 sit.
1598 2214 1829 2254 Videamus
1855 2213 1984 2253 modo
2064 2211 2072 2250 -Ϊ

342 2285 696 2335 epigrammatum
728 2283 826 2324 VII.
854 2284 1066 2323 248—253
1094 2284 1312 2323 lemmata:

851 2348 990 2389 Antk.
1027 2348 1124 2388 Pal.
1512 2344 1651 2385 Antia.
1684 2343 1818 2385 Plan.
2068 2365 2072 2395 3

344 2414 442 2454 VII.
476 2415 554 2454 248
662 2414 718 2459 εἷς
751 2413 847 2459 τοὺς
873 2413 976 2466 μετὰ
1008 2413 1130 2454 Λεω-
1156 2413 1163 2465 Ι
1415 2411 1472 2455 εἰς
1500 2409 1596 2454 τοὺς
1624 2406 1984 2462 &Gemmatum
2063 2419 2072 2452 s

594 2416 613 2538 l
664 2479 782 2532 νίὸην
808 2479 1132 2532 μαχεσαμένους
1156 2478 1164 2531 Ι
1416 2475 1635 2520 θανόντας.

477 2545 555 2584 249
596 2539 611 2658 Ι
663 2543 772 2595 πρὸς
802 2542 972 2595 Πέρσας
1001 2545 1034 2583 L
1065 2542 1127 2595 [ἐν
1157 2541 1264 2594 Θερ-
1289 2541 1297 2594 Ι
1412 2540 1469 2585 εἰς
1496 2538 1593 2584 τοὺς
1620 2537 1786 2584 αὐτούς.

663 2608 873 2660 μοπύλαις
901 2609 998 2648 add.
1028 2607 1094 2660 C].

477 2676 555 2715 250
663 2675 719 2719 εἰς
746 2673 842 2718 τοὺς
870 2673 1035 2718 αὐτούς.
1411 2671 1468 2716 εἰς
1496 2669 1593 2715 τοὺς
1620 2667 1785 2713 αὐτούς.

477 2741 552 2780 251
664 2739 720 2784 εἷς
748 2738 843 2783 τοὺς
871 2737 1024 2783 αὐτοὺς
1051 2738 1154 2790 μετὰ
1185 2737 1308 2778 Λεω-
1411 2736 1468 2780 εἰς
1496 2734 1592 2780 τοὺς
1620 2733 1786 2779 αὐτούς.

664 2803 781 2844 νίὸου
809 2803 1022 2849 πεσόντας.

477 2870 555 2909 252
663 2869 720 2914 εἷς
748 2867 843 2913 τοὺς
871 2868 1035 2913 αὐτούς.
1669 2886 1723 2894 -

478 2935 555 2974 253
663 2934 719 2979 εἰς
747 2933 842 2979 τοὺς
871 2933 1034 2979 αὐτούς.
1412 2932 1469 2976 εἷς
1497 2930 1593 2976 τοὺς
1620 2929 1785 2974 αὐτούς.

348 2999 437 3037 Hae
467 3000 508 3037 in
538 3000 783 3038 lemmatum
813 3001 922 3039 serie
948 3001 1059 3039 duae
1088 3011 1156 3038 res
1185 2999 1316 3038 miros
1346 3010 1424 3037 nos
1453 2998 1623 3037 habent.
1672 2997 1750 3045 Ep.
1775 2993 1875 3035 VH.
1901 2993 1981 3034 25⁰
2059 2983 2072 3034 '5‘ss

346 3063 539 3102 lemmate
564 3065 745 3103 refertur
766 3065 819 3103 ad
843 3065 1217 3113 Lacedaemonios,
1245 3064 1319 3113 qui
1344 3075 1430 3102 una
1455 3074 1551 3101 cum
1578 3061 1763 3101 Leonida
1785 3060 1829 3099 in
1850 3059 1980 3098 Tber·
2061 3059 2072 3100 ⁸.
