2072 3568
383 187 484 240 Cap.
518 182 553 228 1.
1174 181 1225 226 34

436 313 573 354 Etiam
603 312 655 353 de
684 311 750 353 his
778 311 1102 363 quaestionibus
1131 311 1173 351 in
1204 310 1335 351 altera
1361 313 1481 362 parte
1505 309 1635 351 huius
1656 307 2024 354 commentationis

382 379 610 430 disputabo
650 390 861 430 speroque
903 390 970 418 me
1011 378 1066 417 ibi
1109 377 1404 417 demonstrare
1441 388 1567 428 posse
1604 375 1895 418 Simonidem
1930 375 2024 430 epi-

380 442 764 496 9rammaticum,
811 454 1072 493 quamquam
1113 443 1420 493 epigrammata
1458 442 1551 482 eius
1589 442 1762 482 nomine
1796 444 1948 484 ornata
1984 442 2023 484 el

381 509 663 550 abiudicanda
693 510 779 548 sint
807 509 955 559 paucis
983 509 1170 559 exceptis
1198 509 1365 558 omnia,
1403 511 1443 548 et
1474 519 1622 548 revera
1649 508 1841 548 extitisse
1866 510 1909 549 et
1936 507 2022 549 vim

381 576 585 615 adiecisse
611 574 983 625 epigrammaticae
1011 585 1186 624 poeseos
1215 573 1418 613 fertilitati
1447 576 1581 624 atque
1604 573 1867 625 progressui.

437 640 463 691 ἓ
493 641 557 680 21.
619 639 687 680 De
735 637 943 679 virorum
992 637 1235 678 doctorum
1283 636 1470 678 studiis.
1532 638 1764 689 Postquam
1811 637 2020 690 exposui,

381 719 467 757 quo
509 706 729 746 nitendum
772 705 1052 744 fundamento
1095 707 1224 754 atque
1265 715 1378 754 quae
1419 703 1606 744 ineunda
1644 704 1700 744 sit
1737 704 1807 745 via
1842 703 1903 755 ά,
1947 702 2023 755 qul

384 772 670 811 Simonideam
717 770 1009 821 quaestionem
1056 769 1323 809 tractandam
1371 769 1451 809 sibi
1499 772 1669 820 sumat,
1719 769 1929 810 dissenm
1970 769 2026 810 de

382 837 557 877 historia
591 836 868 887 quaestionis.

432 902 733 953 Junghahn
775 901 941 951 (1869),
982 913 1006 940 a
1044 913 1131 951 quo
1168 900 1510 940 Simonideorum
1539 900 1895 951 epigrammatum
1922 899 2023 940 ndei

380 968 644 1018 originisque
681 967 999 1017 inquisitionem
1040 965 1066 1017 ἓ
1100 966 1118 1005 1
1159 965 1246 1004 dixi
1282 965 1445 1015 cepisse
1472 965 1720 1016 exordium,
1759 964 2023 1016 quaestionis

381 1033 626 1073 tractandae
655 1033 859 1072 rationem
885 1034 1059 1071 secutus
1082 1034 1174 1070 erat
1197 1042 1378 1081 prorsus
1404 1031 1669 1082 negativam,
1701 1033 1751 1071 ut
1773 1031 1818 1071 in
1840 1030 2024 1083 singulis

380 1098 698 1149 epigrammatis
753 1096 1087 1148 deprehenderet
1144 1096 1298 1136 indicia
1349 1097 1547 1147 singula,
1606 1096 1767 1147 quibus
1815 1095 2042 1137 recentior·>

380 1166 633 1214 argueretur
678 1163 811 1213 origo.
874 1162 1009 1202 Cuius
1055 1162 1410 1201 commentatione
1449 1174 1473 1201 e
1513 1162 1728 1212 tenebris,
1777 1161 1822 1202 in
1862 1161 2023 1213 quibua

381 1230 655 1269 scholasticae
674 1229 926 1279 scriptiones
947 1228 1083 1267 solent
1102 1227 1364 1278 delitescere,
1389 1230 1604 1278 protracta
1625 1226 1813 1267 Kaibel
1833 1225 2021 1279 (187213)

381 1307 465 1334 ιιοιι
491 1295 629 1334 solum
654 1294 836 1345 singulis
857 1295 900 1333 in
924 1294 1053 1333 rebus
1076 1306 1187 1333 nova
1209 1293 1385 1344 protulit
1405 1295 1683 1344 argumenta,
1715 1292 1791 1333 sed
1811 1291 2023 1343 imprimis

380 1361 415 1399 ei
447 1361 505 1399 rei
534 1372 734 1411 magnam
765 1360 848 1399 vim
879 1371 974 1398 esse
1002 1359 1273 1399 tribuendam
1302 1359 1467 1409 docuit,
1506 1358 1622 1409 quod
1650 1358 1785 1398 multa
1810 1357 2022 1410 epigram-

381 1428 492 1465 mata
543 1425 658 1475 apud
709 1425 814 1464 alios
862 1424 1094 1464 traduntur
1145 1424 1415 1474 Simoniden,
1470 1423 1586 1474 apud
1634 1424 1741 1464 alios
1787 1422 2023 1464 laudantur

381 1502 608 1541 anonyma.
661 1490 883 1529 Praeterea
914 1490 1059 1529 Kaibel
1088 1490 1171 1529 iam
1200 1490 1421 1539 inquisivit
1450 1490 1494 1528 in
1526 1489 1723 1540 Sylloges
1752 1488 2023 1529 Simonidem

380 1558 557 1595 aetatem
600 1559 728 1606 atque
769 1556 990 1607 originem.
1040 1555 1301 1595 Simonidem
1339 1555 1524 1605 denique
1561 1566 1647 1594 non
1684 1554 2020 1606 epigrammatici

380 1622 505 1660 laude
532 1622 720 1661 fructum
749 1633 844 1661 esse
871 1621 986 1671 apud
1015 1621 1215 1671 aequales
1243 1620 1558 1671 arbitrabatur,
1599 1619 1675 1659 sed
1702 1620 1796 1660 eins
1827 1618 2021 1672 ‘gloriam

380 1687 478 1726 inde
514 1687 713 1737 fluxisse,
755 1686 870 1736 quod
907 1681 1004 1726 euin
1044 1685 1388 1725 celebratissimis
1425 1685 1689 1725 carminibus
1725 1696 1802 1726 sen
1835 1682 2023 1738 μελικῶς

380 1752 471 1791 sive
506 1750 733 1804 ἐλεγιακῶς
770 1752 1029 1791 Graecorum
1067 1754 1214 1790 contra
1254 1751 1408 1790 Persas
1446 1751 1553 1790 bella
1581 1751 1786 1791 cecinisse
1812 1749 2020 1791 sciebant'

382 1817 441 1867 (p.
474 1816 587 1867 460).

435 1882 550 1921 Haec
586 1882 728 1921 studia
766 1882 833 1921 his
870 1882 1042 1921 demum
1076 1881 1225 1932 annis,
1266 1893 1353 1931 qua
1382 1893 1461 1931 par
1488 1883 1553 1920 est
1580 1881 1877 1932 observantia,
1915 1883 2020 1922 sunt

379 1948 612 1987 aestimata.
661 1947 837 1998 Bergk
875 1947 987 1986 enim
1026 1947 1068 1985 in
1108 1948 1263 1996 quarta
1303 1947 1529 1986 Poetarum
1559 1946 1811 1997 Lyricorum
1836 1946 2022 1987 editione

382 2012 595 2063 (1878,182)
633 2013 953 2064 epigrammatis
981 2012 1087 2062 ipsis
1116 2012 1335 2062 praemisit
1364 2012 1651 2062 prooemium,
1693 2012 1737 2052 in
1765 2023 1854 2063 quo
1882 2011 2020 2054 Simo-

380 2078 467 2117 nidi
505 2079 682 2129 gloriam
721 2078 1054 2128 epigrammatici
1094 2078 1297 2128 principis
1333 2089 1359 2117 a
1398 2077 1587 2117 Kaibelio
1623 2080 1813 2129 ereptam
1841 2076 2021 2118 reddere

378 2145 626 2184 conabatur.
673 2145 810 2193 Atque
849 2155 898 2182 eo
940 2142 1106 2182 facilius
1149 2143 1291 2194 Bergk
1333 2144 1547 2193 persuasit
1589 2143 1858 2193 bominibus,
1901 2142 2019 2194 quod

380 2210 496 2249 nullo
538 2210 706 2260 negotio
746 2209 1032 2248 demonstrari
1069 2210 1233 2258 poterat
1269 2208 1313 2247 in
1351 2209 1518 2248 indiciis
1556 2209 1805 2259 posterioria
1838 2208 2020 2260 originis

378 2275 655 2326 designandis
683 2274 932 2314 manifestos
960 2265 1210 2313 commissos
1238 2274 1373 2313 fuisse
1400 2286 1568 2314 errores
1579 2274 1650 2325 ⁶¹).
1683 2274 1778 2314 Non
1800 2284 1852 2314 ea
1873 2275 2018 2314 autem

379 2341 421 2379 in
451 2352 497 2379 re
518 2351 686 2379 summa
712 2339 886 2379 Kaibelii
911 2340 1276 2379 commentationis
1300 2340 1366 2378 vis
1388 2343 1480 2379 erat
1505 2340 1664 2390 posita,
1696 2339 1812 2391 quod
1834 2338 2019 2391 singulis

378 2405 643 2454 argumentis
679 2405 947 2455 singulorum
982 2405 1339 2455 epigrammatum
1368 2405 1496 2444 fidem
1529 2405 1701 2456 negavit
1729 2415 1870 2455 neque
1893 2414 1945 2445 ω
1971 2404 2016 2444 in

380 2482 445 2520 re,
486 2470 601 2519 quod
642 2470 901 2509 Simonidem
940 2470 1095 2510 iniuria
1133 2482 1211 2521 pro
1248 2482 1418 2509 summo
1455 2471 1649 2510 habitum
1685 2481 1783 2510 esee
1806 2469 2018 2521 epigram·

380 2535 531 2574 uiatico
567 2535 753 2585 censuit,
794 2557 847 2564 ——
884 2536 967 2575 iam
1005 2536 1205 2586 apparuit
1236 2534 1284 2587 (ἓ
1314 2535 1384 2586 20)
1415 2536 1518 2575 haec
1546 2535 1801 2575 concludere
1827 2533 2018 2575 Kaibelio

380 2612 463 2638 non
511 2600 681 2640 licuisse
727 2623 804 2650 —,
855 2601 929 2639 sed
975 2601 1090 2651 quod
1139 2602 1254 2640 viros
1298 2602 1446 2640 doctos
1492 2602 1626 2652 coegit
1672 2622 1726 2630 -
1766 2600 1834 2641 vel
1873 2600 2019 2651 potius

378 2677 529 2715 cogere
563 2665 768 2705 debuerat
795 2687 847 2693 —-
875 2666 1153 2717 investigare,
1194 2678 1406 2716 quaenam
1436 2666 1544 2705 fides
1571 2669 1684 2706 esset
1711 2665 2013 2716 traditionum,

378 2742 489 2780 quae
539 2730 662 2769 nobis
711 2730 997 2770 Simonideam
1044 2731 1336 2770 auctoritatem
1383 2731 1740 2781 epigrammatum
1785 2731 2012 2771 toetautur.

378 2796 515 2845 Atque
560 2796 638 2835 hoc
681 2796 911 2846 Bergkium
955 2808 1135 2847 prorsus
1176 2797 1341 2847 effugit.
1403 2797 1678 2847 Epigramma
1719 2796 1937 2847 quoddam
1977 2796 2015 2836 ei

421 2950 468 2985 5¹)
515 2951 550 2984 F..
586 2962 641 3038 go
657 2961 749 2994 quae
787 2951 881 2993 .Ιιιιιι,
871 2951 967 2983 lmln
946 2963 979 2984 ιιι
1017 2962 1046 2993 p.
1082 2950 1105 2981 Γ»
1138 2962 1214 2994 sqq.
1250 2951 1467 2993 approbante
1503 2951 1660 2984 Kaibelio
1695 2952 1749 2983 dis
1751 2954 1938 2993 putaverat
1969 2950 2015 2984 de

379 3008 582 3048 pronomina-1
646 3004 744 3049 ι’·τος,
784 3008 876 3050 quod
918 3019 938 3040 ιι
976 3008 1141 3049 genuinis
1173 3008 1438 3050 engi-nunni
1473 3009 1628 3040 alieniuun
1666 3012 1777 3040 esset:
1819 3008 1864 3040 cf.
1898 3006 2014 3067 Bergk

379 3074 409 3105 p.
434 3063 537 3096 4-ἲ“2<
521 3075 597 3107 qq
629 3064 747 3097 Kaibel
772 3075 862 3105 agno
842 3065 955 3097 oivte
936 3075 1089 3098 eurio-em
1115 3064 1330 3097 GGA.18<J=2
1356 3075 1387 3107 p.
1410 3064 1487 3096 941
1479 3075 1510 3096 ι.ι
1536 3063 1565 3097 1.
