2072 3568
328 259 429 308 Cap.
465 258 533 297 lv.
1108 259 1185 299 234

330 382 419 435 νίκῃ
462 385 745 434 κρατερεργοῦ
779 382 935 436 Ἄρηος
963 383 997 433 ⁴)
1037 384 1061 423 i.
1095 396 1130 423 e.
1169 380 1963 442 ΝΙΚΕΙΚΡΑΤΕΡΕΡΓΟΑΡΕΟΣ,

327 460 437 498 quae
460 448 608 498 verba,
636 460 732 488 cum
756 449 797 488 in
821 449 1097 500 inscriptione
1118 450 1280 490 litterae
1304 447 1343 490 P
1356 450 1538 501 (mediae
1557 452 1600 492 in
1622 452 1848 506 adio-auro>
1867 465 1967 496 m·
2044 493 2053 503 .

328 515 490 553 unisset
518 514 704 553 circulus
733 515 1004 565 spatiumque
1034 516 1143 554 inter
1173 513 1196 554 I
1224 515 1293 566 (ex
1322 513 1378 566 Ρ)
1408 518 1449 556 et
1480 513 1522 557 E
1545 517 1658 557 iusto
1677 518 1835 559 tactum
1853 521 1967 561 aaut
2053 566 2055 571 ¹

327 580 515 631 longius,
548 592 571 619 a
601 580 861 631 descriptore
889 580 1100 621 disiuncta
1130 585 1231 620 sunt
1262 593 1482 632 perperam
1515 579 1967 625 NJKEIKPATEI—
2050 584 2065 628 ῗῖ

330 642 430 684 [31²1
438 642 520 684 'UA
533 643 706 693 [73023
745 649 835 685 tum
875 646 995 685 facile
1031 658 1126 686 cum
1157 645 1296 698 κράτει
1327 648 1552 698 genetivus
1579 647 1700 702 νίκης
1727 648 1827 701 (pro
1850 647 1965 704 νίκη)
2040 636 2058 644 '¹

325 714 364 749 et
402 723 498 750 cum
526 708 681 763 Ἄρηος
708 712 881 751 dativus
910 711 1025 764 ἔργῳ
1055 713 1152 763 (pro
1183 714 1350 765 -ε-ργοῦ)
1381 714 1499 765 iungi
1529 714 1666 765 potuit
1691 714 1744 766 ὓ).
1789 714 1962 767 Eidem,
2046 741 2051 762 χ

325 777 498 826 opinor,
530 777 779 828 descriptori
801 778 980 818 debetur
1000 777 1269 830 ἐλεύθερΟΝ
1285 791 1363 830 pro
1382 778 1597 832 ἔλευθὲρΑ
1606 778 1636 820 Ι.
1669 780 1966 834 Distinguendl

325 842 455 892 igitur
484 845 586 881 sunt
614 842 700 882 duo
729 845 870 882 textus
900 844 955 893 Α,
998 844 1070 893 Α“,
1112 844 1185 894 qui
1217 845 1258 883 in
1289 845 1428 895 lapide
1456 844 1700 896 legebatur,
1732 844 1806 898 3⁸,
1836 857 1966 898 quem
2062 839 2072 876 ἶ

325 919 348 947 a
387 907 647 957 descriptore
685 908 858 958 Ephoro
895 909 1096 949 traditum
1137 910 1344 950 Collector
1382 910 1592 950 tractavit.
1642 910 1780 952 Simul
1813 911 1966 953 luetati

326 985 478 1013 sumus
516 986 676 1013 novum
714 974 926 1025 epitheton
959 975 1129 1025 Martis,
1171 976 1245 1025 qui
1277 976 1324 1015 11.
1357 973 1395 1014 B
1421 976 1500 1016 215
1528 974 1734 1029 κρατερὸς
1761 978 1962 1029 vocatur,

325 1038 704 1092 κρατερεργός.
754 1041 848 1086 Qua
901 1041 943 1079 in
999 1053 1100 1080 voce
1152 1041 1316 1081 novicia
1367 1054 1491 1081 nemo
1531 1042 1685 1093 opinor
1722 1042 1968 1084 ossenoetm·

326 1105 512 1155 neglecta
535 1106 574 1144 vi
596 1105 758 1145 litterae
773 1106 987 1156 digamma
1006 1106 1077 1157 (cf.
1096 1105 1374 1158 κακο-εργός,
1396 1106 1679 1159 κακοῦργος),
1701 1106 1966 1159 epigramm·

324 1171 435 1209 enim
466 1182 611 1221 pugna
643 1171 876 1210 Plataeensi
906 1172 1066 1221 aliquot
1094 1173 1310 1211 decenniis
1341 1172 1552 1211 recentius
1579 1174 1644 1212 est
1674 1171 1746 1223 (ei.
1777 1169 1963 1226 Πέρσαι,

326 1248 410 1274 non
460 1233 628 1288 Mvssoa,
676 1237 841 1276 Wilam.
890 1249 929 1287 p.
976 1237 1053 1276 313
1095 1240 1135 1277 et
1181 1237 1206 1288 ἓ
1255 1238 1329 1277 139
1368 1250 1409 1277 n.
1451 1237 1517 1288 9),
1562 1240 1692 1289 atque
1726 1237 1812 1279 iam
1849 1237 1965 1290 apud

327 1301 646 1351 Xenophontem
675 1301 830 1352 legitur
859 1301 1071 1353 φιλ-εργίη
1103 1302 1219 1353 (Oee.
1247 1303 1312 1342 20.
1340 1303 1425 1353 26).

379 1367 516 1406 Etiam
557 1369 698 1406 textus
740 1367 769 1406 S
808 1368 977 1407 diverse
1015 1368 1199 1408 traditus
1236 1371 1313 1408 est.
1357 1369 1572 1408 Planudes
1602 1368 1771 1409 Ionicus
1796 1370 1966 1410 tantum

325 1432 498 1482 praebet
539 1433 722 1482 formas,
768 1445 863 1472 cum
909 1434 950 1472 in
994 1433 1165 1472 duobus
1209 1433 1427 1473 vocabulis
1468 1431 1683 1484 (Ἵΐλλανες
1717 1437 1759 1474 et
1794 1431 1964 1486 ἰάματι)

326 1498 546 1537 Palatinus
577 1498 751 1538 Doricas
779 1498 987 1538 exhibeat.
1021 1499 1292 1549 Quamquam
1322 1499 1547 1539 dialectum
1573 1499 1702 1539 semel
1725 1499 1967 1551 iterumque

325 1564 654 1603 commutavisse
683 1564 922 1603 videbimus
953 1564 1224 1604 Colle-ctorem
1258 1564 1304 1615 (ἓ
1338 1564 1456 1614 139),
1499 1565 1688 1605 Ionicam
1714 1564 1759 1605 in
1787 1564 1870 1606 hoc
1893 1575 1960 1617 ep.

325 1640 521 1668 servasse
559 1629 652 1667 ideo
688 1631 752 1668 est
790 1629 1032 1679 putandus,
1074 1630 1212 1679 quod,
1254 1630 1357 1679 quin
1387 1628 1544 1682 Ἄρηος
1585 1630 1732 1671 Dorice
1762 1632 1960 1682 poneret,

324 1695 521 1734 obstabat
560 1697 756 1733 metrum.
805 1695 1019 1734 Planudes
1048 1698 1197 1735 contra
1226 1695 1519 1745 Cephalanum
1549 1697 1709 1735 textum
1739 1706 1781 1736 v.
1814 1696 1835 1736 1
1865 1706 1965 1737 oon-

324 1760 483 1799 iectura
526 1761 747 1810 temptavit
792 1759 838 1810 (ἓ
884 1759 994 1810 108).
1043 1760 1231 1800 Subesse
1272 1761 1438 1811 putavit
1482 1761 1624 1800 verbis
1665 1759 1782 1814 ἔργῳ
1807 1759 1965 1814 Ἄρηος

324 1826 629 1876 appositionem
660 1824 804 1877 ἔργον
823 1824 885 1864 Ἄ.
917 1826 1225 1876 Distinguenda
1254 1826 1386 1877 igitur
1410 1828 1475 1865 est
1502 1826 1675 1866 traditio
1699 1826 1747 1867 S·
1772 1826 1964 1868 Palatiu-

326 1891 396 1941 (=
428 1891 530 1941 Syll.
568 1890 695 1940 Sim.)
727 1903 751 1930 a
784 1890 835 1930 S‘
865 1890 1136 1941 (Planudea).
1175 1913 1180 1919 -

377 1958 414 1996 4.
475 1957 808 2007 Epigrammatis
851 1957 922 1996 141
959 1957 1069 1996 trad.
1106 1956 1135 1996 S
1167 1955 1269 2007 (ΑΡ.
1302 1957 1372 1995 VI.
1405 1955 1502 2007 214)
1535 1968 1663 1996 versu
1690 1958 1847 2007 quarto
1872 1968 1964 1998 eor-

324 2023 487 2072 ruptela
517 2024 580 2061 est
609 2021 831 2072 inquinata
863 2020 1075 2073 (ὁαρετίου
1103 2021 1306 2074 χρυσοῦ),
1337 2034 1450 2072 quae
1467 2022 1550 2061 iam
1571 2022 1614 2061 in
1634 2022 1864 2074 exemplari
1882 2033 1965 2064 auo

324 2089 600 2138 Anthologiae
610 2088 879 2138 Cephalanae
893 2088 1056 2127 invenit
1069 2088 1226 2127 Suidas
1242 2100 1276 2127 s.
1286 2100 1324 2127 v,
1341 2086 1532 2139 ὁαρετίου
1550 2086 1598 2140 (5
1614 2087 1722 2138 111).
1745 2087 1830 2135 Qui
1842 2088 1964 2129 loom

323 2154 544 2204 permultis
586 2154 839 2193 coniecturis
881 2155 1114 2204 temptatus
1156 2154 1266 2193 facili
1309 2154 1471 2193 medela
1513 2154 1658 2193 sanari
1696 2164 1824 2204 posse
1859 2153 1965 2195 mihi

324 2220 505 2258 videtur.
553 2220 702 2258 Latere
742 2221 817 2258 aut
860 2217 1110 2270 :lafla9ssmc
1152 2220 1324 2270 reginae
1360 2221 1435 2259 aut
1473 2217 1762 2271 Δαμαρετείου
1797 2218 1963 2260 nummi

324 2296 477 2323 nomen
507 2285 779 2324 manifestum
809 2287 873 2324 est
904 2283 975 2335 (cf.
1006 2285 1125 2324 Diod.
1156 2283 1227 2336 [=
1254 2283 1472 2336 Timaeus]
1505 2284 1578 2324 XI.
1604 2283 1691 2335 26).
1741 2282 1815 2335 Id,
1845 2282 1963 2336 quod

323 2350 520 2400 traditur,
554 2348 746 2401 ὃαρετίου
770 2362 854 2389 non
879 2350 982 2389 oriri
1007 2350 1165 2400 potuit,
1198 2350 1281 2389 nisi
1305 2362 1357 2389 ex
1382 2350 1570 2400 pleniore
1588 2347 1844 2401 ὁαμαρετίου
1864 2349 1964 2401 (pm

325 2413 617 2466 ὁημαρετείου)
650 2415 812 2466 syllaba
841 2415 993 2465 altera,
1026 2427 1137 2465 quae
1165 2418 1300 2455 metro
1330 2414 1618 2466 repugnabat,
1651 2425 1886 2466 suppressa
1904 2414 1958 2466 ⁶).

367 2576 398 2614 11)
444 2577 541 2615 Quae
582 2577 685 2609 verba
723 2578 969 2618 coniungenda
1002 2581 1094 2611 sunt·
1121 2588 1203 2610 cum
1240 2574 1381 2619 Πέρσας
1414 2573 1646 2615 ἐξελάσαντες.
1694 2576 1858 2618 Hanung
1889 2576 1960 2611 iam

323 2633 470 2665 coniecit
503 2630 604 2674 νίκης
638 2631 975 2675 κρατερεργέος
1009 2630 1133 2665 εἶνέκ’.
1182 2634 1277 2667 Alias
1311 2633 1531 2666 coniecturas
1566 2633 1715 2666 lectores
1748 2633 1893 2666 videant.
1922 2633 1961 2667 in

323 2693 491 2730 apparatu
517 2690 636 2722 critico
659 2699 713 2731 np.
740 2690 929 2731 Berginium
954 2694 1062 2732 atque
1086 2690 1237 2723 Stadtm.

367 2744 397 2785 ⁵)
445 2745 622 2778 Eiusmodi
654 2746 764 2787 igitur
791 2747 899 2778 errori
926 2746 994 2779 fuit
1016 2747 1188 2779 obnoxius
1210 2746 1421 2788 descriptor,
1452 2746 1508 2779 eui
1535 2745 1727 2778 Pausanias
1749 2743 1806 2781 (V.
1827 2743 1883 2778 24.
1903 2743 1961 2786 3),

323 2812 403 2834 cuin
435 2802 572 2834 litteras
602 2802 768 2834 evanidas
798 2802 833 2834 in
867 2802 939 2834 basi
972 2803 1065 2835 lovis
1097 2802 1279 2835 simulacri
1309 2802 1511 2835 coniectum
1538 2802 1719 2843 suppleret
1738 2797 1828 2843 ἱλόφ
1849 2797 1961 2843 θύμῳ

324 2860 393 2893 τοῖς
421 2855 734 2900 Λακεδαιμονίοις,
765 2869 858 2901 quae
883 2859 986 2891 verba
1011 2869 1074 2892 nec
1098 2859 1316 2898 sententiae,
1347 2868 1411 2891 nec
1432 2859 1620 2900 crepidinis
1642 2857 1747 2897 (IGA.
1771 2856 1831 2898 75)
1852 2856 1962 2900 ipsius

323 2914 488 2947 (luctibus
517 2915 762 2947 convenientia
794 2916 964 2957 pnlmniia
991 2917 1192 2949 coniectura
1216 2917 1252 2948 in
1277 2917 1455 2957 integrum
1481 2915 1638 2947 restituit
1660 2914 1799 2948 Abi-eus
1819 2909 2002 2957 ansche-⁴

322 2967 427 3011 δάμῳ
452 2973 501 3012 τῷ
525 2969 831 3013 Λακεδαιμονιίυν.
872 2972 943 3005 vid.
969 2976 1087 3005 tannen
1116 2972 1446 3014 Bliiiuner—Hitzig
1467 2971 1509 3004 ad
1536 2971 1583 3004 Li.

366 3026 398 3065 ⁶)
446 3027 480 3058 ld
507 3027 620 3068 ipsum
646 3028 781 3061 dedisse
803 3034 940 3070 'metam
961 3028 1182 3062 ‘necessitate
1202 3033 1364 3062 coactum
1386 3037 1517 3071 [neone
1538 3028 1574 3060 in
1596 3027 1670 3060 loco
1689 3026 1821 3069 dactyli
1843 3026 1959 3059 usum·

325 3082 470 3123 putabat
495 3083 642 3125 Bentley
669 3084 769 3126 llesp.
792 3085 834 3117 ad
863 3086 959 3127 Boyl.
984 3085 1051 3117 259
1075 3086 1204 3127 l.enn.,
1235 3095 1343 3127 quem
1367 3085 1476 3117 etiam
1501 3083 1603 3116 bodie
1625 3083 1789 3125 sequitur
1811 3082 1882 3115 niu
1904 3080 1959 3115 16.

326 3138 532 3170 innumeras
556 3140 775 3172 coniecturas
799 3142 833 3173 in
860 3142 953 3173 hunc
978 3142 1093 3174 locum
1120 3141 1237 3174 videat.
1259 3142 1368 3173 lector
1390 3150 1443 3182 ap.
1470 3139 1659 3182 Bergltium
1678 3143 1788 3180 atque
1806 3137 1959 3171 Stadtm.
