2072 3568
889 227 964 266 189
1459 229 1484 280 ξ
1518 230 1739 270 105-107.

108 363 160 392 ex
196 353 449 402 argumento
485 362 549 401 ep.
585 350 702 390 XVI.
740 351 764 390 2
805 350 928 401 (Sim.
964 351 1058 402 149)
1093 352 1290 403 Syllogae
1319 354 1622 394 vindicandum
1650 368 1744 394 esse

22 419 53 464 „LI-'3
110 416 138 470 g
177 417 227 457 77
263 417 484 467 apparuit,
525 417 727 466 quoniam
767 429 863 455 cum
902 417 945 455 in
984 418 1063 457 hoc
1100 419 1192 456 tum
1227 419 1270 456 in
1299 430 1363 468 ep.
1393 420 1610 469 deperdito
1641 421 1738 471 166,

32 492 43 529 53
107 483 223 533 quod
245 482 558 521 Aristodemum
581 482 826 521 laudavisse
849 483 902 521 ad
928 483 1046 521 Nem.
1068 482 1166 522 VII.
1193 484 1210 522 1
1244 483 1442 523 Scholion
1469 486 1742 525 Pindaricum

36 540 49 556 *³
106 547 256 597 tradit,
288 547 408 597 pueri
437 547 663 597 Aeginetae
691 547 866 586 victoria
896 548 1105 587 celebrata
1134 560 1228 587 esse
1257 550 1437 588 videtur.

159 613 226 651 Ex
269 611 440 662 Sylloge
483 612 725 651 Simonidea
768 624 852 651 non
896 613 1121 663 desumpta
1164 614 1330 653 Corona
1368 615 1461 653 Mel.
1501 617 1742 655 continebat
1791 630 1797 633 ⁴

30 690 38 719 ῑ·
106 689 200 728 epp.
227 676 346 716 XVI.
374 677 447 727 23,
481 677 531 716 24
563 676 688 728 (Sim.
719 677 817 727 154,
853 677 968 728 156);
999 679 1114 727 quod
1134 679 1489 729 epigrammatum
1510 692 1588 729 par
1607 681 1740 720 eidem

28 739 39 772 ῑῖ
105 742 248 782 deberi
275 743 438 781 auctori
466 744 595 791 atque
622 754 717 792 epp.
745 738 827 782 ΑΡ.
853 742 952 782 VII.
982 743 1056 793 64,
1091 744 1140 783 65
1170 745 1542 784 demonstraturus
1572 758 1668 785 sum
1697 748 1739 785 in

27 799 53 852 ’ᾖ
105 807 236 847 altera
264 807 394 846 huius
423 819 573 847 comm.
601 809 722 857 parte
750 819 807 847 sc.
836 809 1058 858 Antipatro
1087 808 1284 849 Sidonio
1316 809 1386 860 (cf.
1419 809 1444 861 ξ
1475 811 1525 850 82
1555 824 1595 850 n.
1627 811 1736 862 103).

23 886 29 906 1
105 873 157 911 In
187 873 353 912 Corona
381 875 598 923 praeterea
628 873 807 912 affuisse
835 875 997 912 certum
1026 875 1090 912 est
1118 886 1182 924 ep.
1211 873 1328 914 XVI.
1357 875 1434 914 232
1466 875 1590 925 (Sim.
1621 877 1736 928 133),

38 933 47 979 ζ
105 938 262 988 quippe
301 938 416 987 quod
459 938 668 988 Meleager
709 939 802 988 ipse
843 939 1034 978 imitatus
1075 951 1169 978 esse
1207 940 1374 978 videtur
1411 941 1493 980 ΑΡ.
1529 940 1626 980 VII.
1662 943 1740 982 207

44 1012 45 1016 ’
106 1001 178 1054 (cf.
221 1002 247 1055 ἓ
292 1003 365 1042 131
411 1015 452 1042 n.
497 1002 615 1054 168),
661 1004 755 1043 licet
796 1004 1006 1043 incertum
1048 1005 1124 1055 sit,
1171 1007 1318 1044 utrum
1365 1006 1654 1046 Simonideum
1698 1009 1739 1046 id

104 1069 315 1119 Meleagro
342 1068 470 1107 fuerit
499 1080 643 1108 necne.

24 1132 43 1136 ,
157 1134 403 1173 Tenendum
433 1134 617 1183 denique
643 1136 707 1173 est
736 1134 829 1173 fieri
858 1146 1005 1184 posse,
1048 1138 1095 1174 ut
1124 1136 1234 1174 inter
1263 1137 1590 1188 epigrammata,
1630 1151 1740 1188 quae

24 1183 42 1246 ’,-
105 1199 283 1238 Planudi
313 1211 409 1239 cum
441 1199 625 1249 Cephala
654 1200 896 1239 communia
927 1201 1050 1250 sunt,
1084 1201 1191 1251 sint,
1224 1213 1334 1250 quae
1357 1202 1424 1240 ille
1449 1215 1533 1241 non
1559 1215 1609 1242 ex
1635 1205 1734 1254 hoc,

22 1296 47 1299 ..
103 1264 177 1303 sed
206 1266 318 1303 recta
338 1265 415 1303 via
444 1276 496 1303 ex
526 1265 692 1304 Corona
721 1265 955 1315 Meleagrea
985 1266 1200 1315 receperit.

158 1328 184 1381 ἓ
216 1329 305 1369 107.
366 1328 434 1369 De
464 1329 614 1370 titulis
642 1329 908 1370 Planudeis.
969 1331 1337 1381 Epigrammatum
1371 1331 1734 1384 Simonideorum,

102 1406 213 1445 quae
240 1395 482 1434 Planudeae
509 1395 787 1446 Anthologiae
815 1407 912 1435 cum
943 1396 1134 1434 Palatina
1163 1397 1404 1436 communia
1434 1400 1556 1448 sunt,
1599 1399 1737 1438 titulo-

103 1471 199 1500 rum
228 1460 335 1500 ratio
363 1462 502 1511 potest
530 1472 624 1510 esse
652 1472 858 1511 generum
887 1461 1096 1510 quinque:

39 1539 46 1554 ³
156 1525 192 1563 1.
252 1525 467 1564 Planudes
495 1538 593 1565 cum
623 1526 815 1565 Palatino
842 1527 1064 1566 consentit.

154 1590 193 1629 2.
253 1590 361 1630 Cum
381 1602 445 1641 ep.
465 1591 509 1630 in
529 1591 611 1630 ΑΡ.
632 1592 723 1630 sive
741 1592 863 1630 titulo
883 1592 1013 1631 dubio
1028 1593 1285 1632 instructum
1302 1593 1392 1632 sive
1407 1594 1507 1632 alibi
1521 1595 1602 1633 alio
1616 1595 1737 1634 titulo

24 1638 42 1700 ’ς
101 1657 299 1695 ornatum
329 1656 405 1706 sit,
439 1657 652 1695 Planudes
682 1657 932 1715 alterutrum
962 1658 1130 1697 titulum
1163 1659 1335 1708 praebet
1367 1659 1436 1709 (cf.
1458 1672 1498 1698 n.
1514 1660 1551 1709 2,
1570 1659 1631 1709 16,
1647 1660 1731 1711 20).

154 1720 193 1760 3.
253 1721 466 1760 Planudes
491 1722 656 1761 nullum
681 1723 877 1772 ascripsit
901 1723 1071 1762 titulum
1095 1724 1412 1774 epigrammati,
1446 1725 1559 1773 quod
1585 1726 1626 1763 in
1652 1726 1731 1764 ΑΡ.

23 1775 40 1802 ”’
100 1784 271 1824 titulum
314 1786 453 1826 habet.
509 1788 728 1827 Editiones
770 1788 895 1827 Anth.
939 1789 1181 1828 Planudeae
1221 1791 1312 1827 tum
1357 1790 1558 1839 praebere
1601 1791 1736 1829 solent

15 1847 42 1904 ¹'3
100 1847 277 1902 ἄδηλον,
312 1851 553 1890 Marcianus
583 1864 685 1891 vero
714 1853 884 1891 nomine
913 1855 1034 1892 vacat
1066 1853 1135 1904 (cf.
1157 1866 1198 1892 n.
1214 1855 1336 1904 5-9,
1362 1854 1432 1904 38,
1457 1855 1526 1905 39,
1551 1856 1621 1905 44,
1646 1856 1730 1906 45).

19 1909 41 1959 ζ
99 1914 163 1954 Ab
196 1915 264 1954 his
291 1917 610 1966 epigrammatis
639 1918 941 1968 distinguenda
971 1921 1072 1957 sunt
1102 1931 1172 1969 ea,
1214 1920 1372 1969 quibus
1402 1921 1616 1959 Planudes
1646 1923 1736 1971 ipse

38 1978 46 2017 s
99 1981 296 2030 apposuit
323 1982 492 2021 titulum
522 1981 756 2023 ἀδέσποτον
784 1984 850 2023 vel
878 1982 1056 2035 ἄδηλον,
1095 1994 1176 2035 e.g.
1206 1997 1247 2024 n.
1278 1985 1322 2035 1,
1359 1986 1428 2035 11,
1464 1986 1512 2025 16
1542 1986 1627 2036 l53).

22 2045 48 2065 ³
151 2045 188 2084 4.
249 2046 469 2086 Palatinus
509 2047 792 2099 Simonidem,
836 2050 1049 2088 Planudes
1087 2050 1216 2088 alium
1255 2053 1420 2100 poetam
1456 2051 1628 2100 praebet
1660 2052 1730 2102 (cf.

25 2151 26 2154 Ἴ
99 2121 141 2150 n.
171 2110 242 2161 14,
277 2111 348 2162 15,
383 2111 450 2163 18)
483 2114 548 2152 vel
576 2111 735 2165 ἄδηλον
765 2113 836 2165 (cf.
867 2127 908 2153 n.
939 2114 995 2165 1).

151 2176 188 2216 5.
249 2176 462 2217 Planudes
502 2178 708 2217 Simonidi
745 2179 894 2218 tribuit
930 2191 1013 2230 ep.,
1055 2179 1170 2228 quod
1208 2180 1251 2218 in
1293 2181 1424 2219 Palat.
1454 2181 1535 2220 alio
1565 2182 1734 2220 nomine

98 2239 329 2291 insignitur
359 2241 430 2293 (cf.
459 2254 500 2282 n.
529 2243 594 2293 37,
627 2242 712 2293 49).

31 2311 33 2316 ⁴
151 2305 203 2345 In
226 2307 360 2346 titulis
381 2308 609 2348 Planudeis
635 2310 762 2358 atque
783 2309 985 2348 Palatinis
1010 2311 1297 2349 controversis
1322 2311 1400 2349 hoc
1424 2311 1546 2350 nobis
1567 2323 1733 2361 semper

36 2378 39 2380 ’
97 2372 387 2420 quaerendum
427 2375 511 2423 est,
554 2374 809 2423 praebeatne
844 2375 1059 2414 Planudes
1087 2376 1299 2426 integrum
1330 2376 1500 2415 titulum
1531 2377 1732 2426 Cephala-

35 2444 45 2486 ζ
97 2446 200 2475 num
230 2438 296 2476 vel
325 2438 609 2489 Meleagreum
638 2439 681 2478 in
711 2440 903 2479 Palatino
927 2442 1174 2490 corruptum
1200 2453 1254 2480 an
1280 2442 1394 2491 apud
1418 2442 1535 2480 illum
1561 2442 1730 2480 demum

37 2497 39 2502 “
97 2502 312 2552 corruptio
335 2505 588 2553 compareat.
622 2505 728 2543 Nam
753 2505 876 2543 etiam
903 2506 1257 2555 epigrammatum
1284 2507 1598 2545 Planudeorum
1623 2508 1731 2546 tituli

35 2581 45 2615 7
97 2567 347 2616 corruptelis
374 2568 546 2607 obnoxii
574 2570 718 2619 erant,
751 2563 847 2608 cum
877 2570 1025 2609 iisdem
1056 2572 1184 2620 atque
1213 2571 1444 2620 Cephalani
1473 2571 1518 2622 (ξ
1545 2571 1614 2622 82)
1641 2575 1729 2611 tum

35 2645 40 2654 ⁴
97 2629 301 2671 Planudis
322 2633 458 2683 ipsius
478 2634 710 2674 erroribus.
740 2635 849 2674 Fieri
870 2635 1000 2686 igitur
1021 2638 1176 2686 potest,
1206 2639 1252 2676 ut
1273 2638 1381 2676 inter
1401 2638 1726 2688 epigrammata,

95 2707 206 2746 quae
233 2697 351 2737 solus
378 2699 546 2739 exhibet
575 2700 811 2750 Planudes,
846 2701 952 2751 sint,
986 2713 1096 2751 quae
1123 2697 1414 2742 Simonideum
1439 2703 1609 2742 titulum
1636 2707 1731 2753 post

57 2759 59 2761 ’
97 2759 355 2812 Meleagrum
383 2764 450 2803 vel
478 2765 582 2804 adeo
610 2768 706 2815 post
736 2766 965 2816 Cephalum
993 2767 1165 2806 demum
1195 2768 1279 2807 sint
1308 2769 1472 2818 adepta.

140 2924 202 2967 1⁵3)
247 2927 480 2962 Stadtmiiller
503 2931 537 2963 in
562 2930 684 2964 tabula
708 2942 783 2973 epp.
809 2933 1060 2974 sepulcralium
1090 2933 1346 2965 Planudeorum
1373 2934 1417 2973 (II
1434 2934 1730 2977 p.XXXIVsqq.),

29 2980 38 3001 ’Ῑ
96 2991 176 3015 cum
207 2993 284 3026 epp.
316 2985 421 3018 titulo
452 2987 610 3020 carentia
640 2991 718 3020 tum
751 2999 827 3030 epp.
860 2985 1035 3020 ἀδέσποτα
1068 2990 1120 3022 vel
1155 2987 1267 3031 ἄδηλα
1293 2994 1375 3022 nota
1399 2988 1537 3032 ‘adesp.'
1561 2992 1729 3032 signavim

62 3079 63 3082 ,
96 3047 187 3080 quae
221 3040 356 3073 diverso
390 3042 490 3083 signo
524 3043 601 3075 iure
637 3043 846 3076 distinxerat
882 3045 915 3076 in
952 3055 1027 3086 epp.
1064 3045 1273 3077 eroticornm
1311 3045 1417 3078 Anth.
1458 3046 1525 3077 I‘al.
1561 3051 1597 3078 ct
1632 3047 1727 3079 I‘Ian.

95 3096 351 3137 comparatione
373 3096 403 3138 (1
429 3107 459 3139 p.
484 3098 595 3131 XXIII
621 3098 722 3141 sqq.).
