2072 3568
881 199 955 239 119
1502 201 1527 252 ἓ
1561 202 1729 242 70—73.

98 325 453 375 homonymorum
482 325 663 364 indicem
692 325 762 363 IV.
796 325 866 364 45:
899 323 1090 376 γεγόνασί
1121 323 1166 364 δὲ
1189 323 1260 364 καὶ
1285 324 1399 365 ἄλλοι
1424 329 1529 376 ἵρεῖς
1548 325 1731 377 Ἀρκεσί-

39 400 41 405 ’
98 388 189 430 laon
208 401 217 410 ·
256 387 430 442 ποιητὴς
467 388 643 441 ἀρχαίας
680 388 936 441 κωμῳδίας,
975 388 1098 433 ἄλλος
1126 388 1303 440 ἐλεγείας
1314 420 1323 436 ,
1359 389 1409 429 ἔτ
1420 405 1438 430 ε
1449 405 1474 441 ρ
1487 406 1510 430 ο
1521 406 1542 435 ς
1579 390 1604 430 ἀ
1618 405 1677 443 γα
1689 390 1730 430 λ-

96 453 397 506 ματοποιός
412 466 421 474 ·
453 454 508 498 εἷς
537 454 586 494 ὃν
609 453 680 494 καὶ
704 453 988 507 Σιμωνίδη
1001 470 1022 499 ς
1045 453 1237 507 ἐποίησεν
1263 455 1575 508 ἐπίγραμμα
1601 456 1730 495 τουτί·

17 523 34 543 *¹
97 531 184 569 seq.
225 532 289 569 ep.
334 521 423 559 157.
466 518 677 559 Artificis
718 520 875 559 mentio
917 521 1036 559 docet
1065 519 1116 570 70)
1161 521 1289 559 huius
1329 534 1482 560 nomen
1522 534 1606 561 non
1645 535 1731 562 una

18 573 35 596 '³³
96 596 192 624 cum
217 587 399 634 utroque
422 587 543 634 poeta
565 586 816 635 cognomine
837 585 1015 624 fluxisse
1038 585 1132 635 (per
1155 586 1433 637 Favorinum)
1458 599 1509 626 ex
1533 588 1730 626 Demetrii

96 650 304 700 Magnetis
340 650 449 689 libro
485 648 579 701 περὶ
616 652 700 689 τῶν
738 649 988 701 ὁμωνύμων
1026 653 1212 703 ποιητῶν
1250 666 1290 690 τε
1322 650 1392 691 καὶ
1421 652 1726 704 συγγραφέων,

26 707 27 712 ’
95 715 170 754 sed
197 727 250 754 ex
277 716 488 765 Antigono
517 716 712 766 Carystio
735 714 811 766 71).’
837 716 919 761 Qui
948 718 1089 755 tamen
1119 717 1380 766 epigramma
1409 718 1613 756 adiecisse
1637 729 1730 756 cen-

95 781 255 820 sendus
284 793 369 819 non
398 782 474 819 est.
508 781 614 819 Nam
643 781 787 820 itidem
815 781 1078 831 epigramma
1110 781 1396 832 (Callimachi,
1431 783 1511 821 ΑΡ.
1536 784 1629 822 VII.
1659 782 1727 833 80)

94 845 302 885 insertum
344 847 408 885 est
445 846 803 896 homonymorum
841 846 987 896 indici,
1036 847 1109 896 qui
1145 847 1237 886 sine
1274 847 1403 886 dubio
1441 848 1618 887 debetur
1656 849 1729 887 uni

95 911 326 961 Demetrio,
373 923 430 950 sc.
474 911 786 950 Heraclitorum
833 911 954 962 (D.L.
997 913 1070 951 IX.
1116 911 1198 962 17).
1249 913 1482 951 Verisimile
1523 925 1624 963 ergo
1667 915 1730 952 est

94 976 284 1016 additum
326 988 420 1015 esse
462 977 560 1015 huic
603 977 725 1015 seriei
768 977 1118 1027 Callimacheum,
1165 978 1222 1016 illi
1269 977 1559 1017 Simonideum
1601 990 1665 1028 ep.
1705 990 1728 1017 a

14 1052 30 1098 ,ᾗῇ
95 1041 279 1092 Diogene
306 1042 421 1092 ipso,
462 1042 618 1091 quippe
646 1043 719 1091 qui
749 1044 809 1081 tot
837 1043 1155 1093 epigrammatis
1184 1044 1303 1093 larga
1333 1055 1463 1082 manu
1493 1055 1602 1092 opus
1632 1055 1728 1082 con-

12 1099 29 1141 Ῑῑ
93 1107 308 1157 sperserit.
355 1108 470 1147 Usus
512 1118 606 1146 esse
644 1107 813 1146 videtur
850 1108 1203 1158 epigrammatum
1244 1109 1427 1157 quadam
1468 1108 1726 1156 collectione;

93 1183 177 1222 qua
214 1173 458 1221 ceteroquin
496 1184 581 1212 non
619 1173 809 1212 caruisse
843 1175 1177 1212 consentaneum
1206 1175 1269 1212 est
1300 1174 1527 1212 Pammetri
1547 1172 1599 1222 72)
1631 1185 1727 1212 auc-

90 1239 238 1277 torem.
284 1237 494 1283 Quoniam
537 1238 581 1276 in
624 1238 728 1277 Vitis
771 1240 937 1288 praeter
979 1239 1197 1288 complura
1240 1251 1453 1289 anonyma
1496 1240 1728 1278 laudantur

91 1303 397 1354 epigrammata
436 1303 681 1343 Callimachi
722 1303 799 1354 (1.1.
832 1306 872 1343 et
900 1305 994 1343 VII.
1029 1302 1123 1354 89),
1169 1305 1357 1343 Platonis
1389 1304 1488 1354 (III.
1523 1304 1573 1343 30
1603 1316 1723 1353 sqq.,

19 1385 24 1387 s
93 1367 176 1407 vid.
212 1367 238 1420 ξ
270 1367 362 1418 74),
395 1368 636 1418 Antagorae
666 1368 754 1419 (IV.
774 1368 868 1419 21),
905 1369 1135 1408 Simonidis
1168 1368 1288 1419 (1.l.),
1323 1369 1531 1418 Antipatri
1565 1369 1726 1407 Sidonii

25 1478 27 1480 ,
92 1433 202 1484 (VII.
226 1433 316 1484 29),
349 1434 563 1473 Theaeteti
589 1433 724 1484 (VIII.
749 1433 818 1485 48)
835 1434 909 1485 73),
943 1446 1127 1484 quorum
1156 1434 1346 1473 omnium
1372 1434 1560 1473 carmina
1585 1434 1727 1472 adsint

9 1499 36 1551 {J
90 1499 134 1538 in
164 1499 331 1539 Corona
360 1499 617 1549 Meleagrea,
652 1499 870 1548 probabile
898 1502 961 1538 est
992 1500 1219 1549 Diogenem
1246 1500 1299 1538 ad
1326 1511 1500 1538 manum
1525 1499 1727 1538 habuisse

97 1562 325 1604 Coronam
363 1563 683 1615 Meleayream.
726 1565 845 1610 Quae
883 1565 1069 1614 suspicio
1108 1565 1219 1603 infra
1249 1565 1595 1614 confirmabitur,
1630 1576 1725 1603 cum

90 1629 438 1669 demonstravero
469 1630 696 1680 Diogenem
726 1631 978 1681 cognovisse
1005 1630 1346 1669 Simonideorum
1371 1630 1725 1680 epigrammatum

6 1706 30 1754 j
90 1695 356 1735 traditionem
390 1695 433 1735 S.
468 1696 519 1734 In
548 1696 867 1746 epigrammatis
899 1697 974 1736 157
994 1697 1158 1746 origine
1179 1695 1474 1735 constituenda
1495 1694 1724 1732 tenendum

89 1762 153 1800 est
189 1761 280 1800 fieri
318 1773 465 1811 posse,
509 1763 555 1800 ut
596 1761 838 1800 Simonidea
868 1762 1100 1801 auctoritas
1129 1773 1273 1800 errore
1301 1760 1488 1809 quodam
1518 1759 1724 1809 epigram-

91 1827 191 1866 mati
218 1827 261 1866 in
292 1827 460 1867 Corona
489 1827 723 1877 Meleagrea
752 1828 975 1867 accesserit
1007 1827 1077 1877 (cf.
1114 1826 1139 1878 ξ
1171 1827 1220 1866 67
1251 1825 1363 1875 fin.).

144 1891 171 1942 ξ
203 1891 265 1931 73.
326 1891 393 1932 De
422 1891 712 1942 condicione,
748 1905 867 1944 quae
894 1892 956 1933 sit
985 1892 1106 1932 inter
1134 1904 1233 1943 epp.
1268 1903 1371 1931 cum
1401 1889 1531 1940 apud
1561 1888 1615 1927 D.
1647 1888 1720 1938 L.,

91 1957 190 1997 tum
227 1955 278 1996 in
314 1955 407 1996 ΑΡ.
447 1956 592 1997 obvia.
653 1958 776 2003 Quod
807 1959 1015 2009 Diogenes
1046 1958 1239 1997 Laertius
1269 1956 1487 2006 complura
1516 1955 1723 2004 epigram-

7 2014 32 2077 ’ᾗ
90 2024 221 2072 mata,
250 2034 360 2072 quae
382 2023 547 2073 laudat,
576 2035 627 2062 ex
652 2023 818 2063 Corona
843 2024 1041 2074 Meleagri
1063 2022 1262 2073 petivisse
1282 2021 1462 2070 videtur,
1491 2020 1533 2058 id
1554 2031 1650 2059 cum
1670 2019 1723 2058 ad

89 2088 396 2138 condicionem,
439 2080 549 2138 quae
586 2090 640 2128 sit
667 2089 777 2128 inter
806 2090 1111 2140 epigrammata
1143 2088 1317 2138 Diogeni
1347 2098 1442 2126 cum
1473 2085 1724 2135 Anthologia

0 2151 37 2186 ⁵2
90 2153 280 2193 Palatina
304 2154 567 2203 communia,
601 2156 711 2194 recte
735 2155 1042 2193 aestimandam
1068 2156 1159 2193 tum
1184 2153 1237 2192 ad
1259 2155 1494 2192 ceterorum
1515 2151 1722 2200 epigram-

130 2336 176 2378 70)
222 2338 272 2371 Cf.
300 2337 532 2371 Wilainowitz
565 2337 726 2379 Antigon.
758 2337 835 2370 Car.
868 2348 896 2379 p.
921 2338 943 2368 9
975 2348 1025 2379 sq.
1055 2338 1150 2379 Diog.
1176 2337 1288 2369 Laert.
1317 2336 1339 2367 1.
1366 2335 1424 2367 79:
1458 2333 1573 2376 γέγονε
1598 2330 1637 2365 ὁὲ
1661 2330 1721 2364 καὶ

87 2391 202 2436 5189OE
240 2392 412 2430 Πίπακος
446 2390 660 2436 νομοθέτης,
696 2391 745 2429 ὥς
781 2404 869 2436 φησι
904 2391 1176 2435 Φαβωρῖνος
1211 2390 1247 2424 ἐν
1283 2387 1656 2433 ἀπομνημονευμάτων
1688 2387 1719 2420 α’

5 2439 33 2459 ⁷³³
88 2447 148 2483 καὶ
172 2447 431 2493 Δημήτριος
455 2447 492 2481 ἐν
515 2447 736 2491 ὁμωνύμως,
761 2448 798 2485 ὃς
823 2447 883 2482 καὶ
907 2447 1037 2491 μικρὸς
1060 2440 1343 2491 προσηγοίέύθη·

131 2505 178 2547 71)
226 2507 459 2541 Wilamowitz
482 2506 562 2538 Ant.
586 2505 663 2539 Gar.
690 2516 718 2547 p.
743 2505 796 2539 10.
833 2506 885 2538 Cf.
912 2506 948 2538 D.
974 2506 1008 2538 L.
1036 2506 1069 2538 in
1094 2503 1298 2547 ὁμωνύμων
1322 2503 1587 2536 enumeratione
1616 2502 1654 2533 ΙΙ.
1680 2499 1722 2532 r1¹5

15 2569 28 2594 ἶ·
89 2562 327 2605 Anaxagoras,
354 2562 407 2595 lx.
424 2561 467 2594 49
490 2562 708 2595 Democritus
730 2566 878 2605 uterque
898 2559 1201 2603 ἀνδριαντοποιός,
1225 2559 1267 2593 οὗ
1287 2558 1459 2602 μέμνηται
1476 2557 1720 2600 Ἀντίγονος·

131 2617 178 2659 ⁷2)
224 2619 262 2651 D.
299 2619 334 2651 L.
375 2619 398 2651 l.
423 2616 500 2651 ⁸63:
543 2615 565 2661 ἦ
606 2615 876 2660 Πάμμετρος
916 2617 1004 2652 ἔνθα
1044 2616 1104 2651 καὶ
1143 2615 1222 2660 περὶ
1262 2614 1403 2649 πάντων
1445 2611 1722 2656 τελευτησάντων

86 2670 279 2717 ἕλλογίμων
316 2672 504 2717 διείλεγμαι
541 2672 643 2707 παντὶ
680 2672 799 2717 μέτρῳ
839 2673 899 2708 καὶ
939 2670 1088 2717 ῥυθμῷ,
1129 2665 1440 2716 ἐπιγράμμᾶσι
1475 2668 1535 2703 καὶ
1571 2667 1720 2711 μέλεσιν.

24 2743 34 2755 ·›
87 2728 139 2763 Of.
172 2730 411 2773 WeisshiiupL
445 2731 616 2773 Grabged.
652 2731 715 2764 der
747 2741 798 2773 gr.
831 2731 938 2764 Antii.
971 2732 1073 2771 (Abii.
1107 2730 1331 2772 amin-epigr.
1365 2729 1457 2762 Sem.
1491 2728 1593 2761 Wieu
1631 2726 1720 2766 vn),

88 2784 175 2827 1839
198 2797 228 2829 p.
252 2786 295 2819 34
320 2797 353 2820 n.
376 2786 407 2820 1.

131 2839 178 2882 73)
224 2843 271 2875 Ex
306 2842 443 2876 Corona
475 2854 542 2876 non
574 2848 629 2877 est
660 2844 926 2876 Athenaeus
959 2847 1059 2885 poeta
1091 2843 1401 2885 epigrannnaticus
1432 2841 1489 2881 (cf.
1527 2840 1719 2873 i‘W.-1n·;.

18 2916 29 2939 ÷-·
89 2896 129 2930 u.
166 2896 357 2939 mnam),
396 2909 503 2940 quem
545 2899 650 2932 unius
691 2900 854 2941 Diogenis
892 2899 1061 2931 memoria
1102 2899 1283 2931 novimus:
1325 2898 1378 2930 vl.
1413 2897 1456 2930 14
1493 2907 1531 2925 =
1575 2897 1641 2928 Vll.
1678 2896 1722 2926 34)

3 2945 21 2957 ’
87 2949 232 2996 (ἄδηλον
256 2953 321 2986 ΑΡ.
348 2955 404 2988 ΙΧ.
427 2954 508 2996 496)
532 2959 829 2989 commemoratur
852 2956 928 2987 eius
951 2965 1003 2996 cp.
1029 2956 1062 2987 in
1088 2955 1239 2993 Stoicos,
1267 2955 1303 2987 x.
1326 2953 1369 2986 1⁶2
1393 2965 1444 2996 ep.
1469 2955 1502 2986 in
1526 2954 1719 2995 Epicureos.

12 3022 34 3049 1:
88 3007 136 3042 Ex
161 3009 330 3052 Diogene,
353 3012 491 3053 opinor,
514 3013 694 3055 cognitum
717 3022 798 3046 eum
821 3013 914 3045 inter
933 3012 1236 3054 epigrammaticos
1258 3015 1376 3053 poetas
1399 3011 1506 3043 refert
1527 3010 1720 3043 ls.'rzetzes

88 3063 124 3098 in
147 3065 280 3109 Proleg.
303 3067 346 3100 ad
372 3067 542 3110 Lycophr.
