2072 3568
15 215 18 227 2
133 200 147 249 i
902 195 953 234 87
1515 194 1541 247 ξ
1571 195 1743 235 48—50.

112 319 211 379 νεζο
253 324 317 361 est
357 321 574 360 dissimile.
622 320 828 370 Carmen,
874 320 1048 370 opinor,
1094 320 1209 369 apud
1246 319 1406 358 Naxios
1444 320 1664 370 vulgatum
1703 320 1746 358 in

40 384 56 410 .:
112 388 349 433 Cin-onicon
379 387 595 436 receptum
622 387 687 424 est
715 387 862 435 atque,
895 397 981 435 quo
1010 385 1144 424 maior
1172 385 1230 423 illi
1255 385 1484 424 haberetur
1509 385 1636 435 fides,
1669 397 1747 434 pro

114 453 354 497 Simonideo
381 450 687 502 epigrammate
714 452 778 490 est
806 451 980 490 editum.
1014 451 1166 500 Itaque
1196 450 1463 489 Simonideae
1483 450 1746 490 auctoritatis

3 501 40 586 3ss
109 521 228 559 extra
268 518 469 568 Syllogen
510 516 797 556 Simonideam
839 515 1017 555 carmini
1054 515 1274 566 appositae
1312 515 1553 565 exemplum
1591 515 1747 554 habere

10 582 40 633 'kf
110 583 318 623 videmur.

162 648 336 699 Legitur
373 659 408 687 c.
441 647 492 686 42
530 647 574 685 in
612 646 758 685 eadem
786 646 1096 695 disputatione,
1138 646 1191 684 de
1225 657 1309 694 qua
1339 645 1476 684 dicam
1505 645 1548 683 in
1580 644 1605 696 ξ
1636 657 1742 695 seq.,

108 725 173 764 ep.
206 713 283 753 138
313 712 440 764 (trad.
472 710 549 762 A),
592 712 707 761 quod
737 711 892 751 scilicet
921 711 975 750 ad
1004 711 1295 759 Thucydidem
1327 709 1380 761 (Ι.
1415 709 1510 760 132)
1541 711 1741 760 recurrit,

17 767 67 833 >a
108 790 205 825 cum
233 779 356 818 cuius
385 778 528 817 verbis
557 777 809 816 Plutarchea
838 777 926 816 fere
954 777 1226 815 conveniunt.

26 862 45 900 j,
163 843 190 896 ξ
220 844 285 884 50.
345 842 413 883 De
440 854 540 894 epp.
566 841 684 882 libro
715 841 770 882 de
799 841 973 882 Herod.
1007 841 1116 882 mal.
1146 853 1248 881 cum
1273 840 1386 880 Vitis
1408 840 1740 880 communibus.

6 912 42 935 ‘³
109 910 183 949 Bis
220 909 478 949 Plutarchus
519 907 577 959 (d.
617 909 672 946 H.
711 919 767 946 m.
807 907 858 946 42
897 909 937 946 et
974 907 1045 946 Ar.
1082 905 1149 957 19)
1191 907 1456 945 Herodotum
1494 906 1740 956 impugnat,

107 975 222 1025 quod
256 975 516 1015 Graecorum
553 973 716 1012 mediae
743 973 846 1012 aciei
876 973 1020 1023 copias
1048 973 1092 1011 in
1121 972 1280 1022 proelio
1309 972 1545 1010 Plataeensi
1575 983 1745 1022 pugnae

108 1051 193 1080 non
229 1039 475 1079 interfuisse
513 1039 587 1078 sed
616 1039 727 1078 circa
756 1038 936 1077 Iunonis
964 1038 1169 1087 templum
1199 1037 1443 1076 consedisse
1471 1036 1665 1075 tradebat
1689 1035 1739 1086 7).

7 1105 46 1159 1]
108 1105 216 1145 Cum
247 1105 342 1144 aliis
376 1105 505 1143 rebus
535 1104 689 1143 astruit
718 1103 972 1142 sententiam
1001 1115 1124 1142 suam
1155 1103 1412 1141 Plutarchus
1441 1105 1533 1141 tum
1562 1104 1745 1152 utroque

8 1159 64 1209 ⁷—2
106 1170 196 1210 loco
231 1171 485 1220 argumento
521 1170 658 1208 utitur
696 1169 1002 1219 epigrammate
1041 1168 1137 1207 140:
1180 1165 1251 1207 καὶ
1289 1165 1360 1206 τὸν
1396 1165 1549 1218 βωμὸν
1584 1165 1663 1206 οὐκ
1693 1166 1744 1206 ἂν

107 1234 353 1288 ἐπέγραψαν
376 1234 530 1282 οὕτως,
559 1234 598 1274 εἰ
615 1233 742 1286 μόναι
762 1236 868 1285 τρεῖς
885 1232 1026 1278 πόλεις
1044 1232 1304 1285 ἠγωνίσαντο
1323 1234 1407 1272 τῶν
1426 1231 1565 1272 ἄλλων
1585 1231 1743 1283 ἀτρέμα

106 1299 412 1352 καθεζομένων
452 1299 579 1351 (An).
627 1300 847 1339 Laudatur
885 1299 1038 1338 deinde
1065 1310 1130 1349 ep.
1165 1299 1257 1338 sine
1288 1298 1518 1338 Simonidis
1547 1299 1738 1347 nomine,

10 1359 32 1406 s
106 1377 192 1416 quo
229 1378 330 1406 vero
366 1366 619 1416 insignitum
657 1367 720 1404 est
748 1365 876 1415 idque
904 1365 947 1404 in
977 1366 1095 1403 textu
1124 1364 1248 1403 valde
1275 1364 1445 1402 diverso
1473 1363 1555 1403 AP.
1588 1364 1658 1402 VI.
1692 1363 1743 1402 50

52 1430 54 1434 ’
108 1430 179 1483 (cf.
213 1430 240 1483 ἓ
272 1431 391 1481 137,3
421 1433 461 1470 et
492 1429 518 1482 ἓ
551 1431 627 1470 138
656 1429 765 1480 sq.),
797 1442 900 1480 ergo
926 1430 1183 1469 Plutarchus
1207 1429 1475 1468 traditionem
1500 1429 1553 1479 A,
1586 1428 1742 1467 Antho-

9 1487 11 1491 ’
58 1487 82 1527 '—
105 1492 229 1547 logia'
262 1497 371 1536 trad.
416 1496 444 1536 S
488 1498 810 1546 repraesentare
851 1495 1032 1534 videtur.
1093 1495 1438 1535 Consentaneum
1481 1496 1544 1533 est
1586 1505 1650 1544 ep.
1698 1494 1741 1532 in

43 1559 59 1611 ’ξ
105 1561 336 1612 utrumque
386 1561 603 1600 Plutarchi
653 1561 792 1600 locum
841 1560 1020 1599 fluxisse
1062 1572 1113 1598 ex
1154 1560 1301 1599 eodem
1344 1559 1561 1609 scriptore.
1609 1559 1742 1598 Cuius

41 1618 60 1676 Δ’ᾗ
105 1628 221 1667 aetas
247 1627 333 1667 iam
361 1627 487 1667 certis
515 1626 707 1665 terminis
737 1625 1100 1665 circumscribitur
1120 1637 1167 1664 ea
1189 1637 1256 1674 re,
1289 1625 1403 1675 quod
1423 1624 1742 1674 epigrammatis

106 1691 242 1732 forma
279 1693 313 1732 A
349 1693 464 1742 apud
502 1692 750 1742 scriptorem
789 1692 972 1741 aliquem
1009 1691 1182 1730 inventa
1221 1691 1275 1729 sit
1304 1701 1476 1729 necesse
1504 1690 1567 1728 est
1595 1701 1619 1728 a
1650 1689 1741 1729 Col-

9 1755 59 1794 ’ῗῖ
104 1755 271 1807 1oetore;
314 1758 387 1808 qui
429 1758 560 1808 igitur
601 1759 675 1796 aut
705 1757 975 1807 scriptorem,
1022 1768 1149 1806 quem
1179 1756 1448 1806 quaerimus,
1495 1754 1742 1794 adhibuisse

40 1815 61 1879 is?
105 1823 344 1863 censendus
372 1825 437 1862 est
464 1824 538 1862 aut
566 1823 718 1872 alium,
752 1822 826 1872 qui
855 1822 909 1861 ad
934 1822 1052 1861 illum
1078 1833 1297 1861 recurrere
1317 1821 1497 1860 videtur.
1530 1820 1741 1865 Quoniam

7 1895 10 1938 g
42 1886 58 1936 ζ’
106 1887 348 1928 Herodotus
383 1889 645 1939 epigramma
674 1899 760 1927 non
790 1887 984 1938 praebet,
1027 1887 1299 1937 historicum,
1341 1887 1415 1936 qui
1443 1886 1485 1925 id
1515 1885 1742 1924 memoriae

4 1998 10 2012 ³
105 1954 322 2004 proderet,
367 1955 521 2004 quarto
562 1953 731 1994 saeculo
773 1953 973 1992 floruisse
1014 1954 1192 1992 constat.
1253 1952 1381 1990 Illum
1423 1952 1565 1990 autem
1607 1950 1741 1989 fuisse

5 2013 60 2072 ξ
106 2018 377 2070 Ephorum
423 2019 631 2059 eiusmodi
677 2018 943 2069 argumentis
991 2018 1163 2068 probari
1210 2018 1369 2067 potest,
1416 2016 1574 2066 quibus
1617 2016 1739 2066 argui

4 2098 10 2121 τ
106 2084 290 2124 vidimus
317 2096 416 2124 eum
443 2084 578 2124 fuisse
606 2085 844 2134 auctorem,
877 2095 929 2122 ex
954 2095 1039 2133 quo
1063 2083 1107 2121 in
1135 2082 1411 2122 Plutarchum
1436 2093 1530 2131 epp.
1550 2081 1741 2130 quinque

5 2155 9 2191 ἔ
106 2149 373 2190 Corinthiaca
414 2150 706 2189 manavissent
753 2149 823 2199 (cf.
869 2147 895 2200 ἓ
935 2147 1020 2199 29).
1059 2148 1289 2187 'Habemus
1327 2148 1439 2186 enim
1476 2146 1737 2185 luculentum

46 2230 61 2246 τ
105 2215 343 2265 exemplum
380 2215 620 2266 argumenti
657 2226 709 2254 ex
737 2215 1043 2265 epigrammate
1070 2213 1209 2263 petiti,
1247 2213 1361 2262 quod
1391 2212 1612 2261 Ephorum
1641 2211 1738 2249 ada-

3 2307 6 2314 ·
35 2277 62 2331 ‘J
106 2290 245 2320 masse
279 2292 332 2320 ex
368 2281 505 2330 ipsius
543 2281 701 2320 diserto
738 2279 979 2319 testimonio
1011 2279 1170 2318 scimus
1202 2277 1248 2328 (ξ
1279 2277 1330 2316 29
1360 2289 1401 2316 n.
1434 2275 1519 2325 28).
1567 2276 1739 2325 Ephoro

105 2346 246 2386 autem
286 2346 397 2386 hanc
438 2346 722 2385 Herodoteam
766 2345 1053 2384 narrationem
1096 2343 1376 2393 impugnandi
1415 2341 1622 2391 imprimis
1660 2340 1739 2379 fuit

3 2413 6 2427 ²
52 2432 59 2438 v·
105 2421 256 2461 eausa,
301 2423 420 2462 cum,
467 2414 514 2451 ut
556 2411 599 2450 in
641 2422 812 2461 pugnae
853 2410 1110 2450 Salaminiae
1146 2408 1449 2458 descriptione,
1492 2407 1549 2445 ita
1587 2406 1630 2444 in
1660 2406 1739 2444 hac

4 2468 6 2475 ⁸
39 2471 52 2535 ’ἶ
106 2474 364 2516 Plataeensis
403 2475 494 2527 (IX.
529 2476 597 2527 69)
635 2475 866 2516 Corinthii
902 2476 1043 2514 denuo
1072 2475 1179 2524 sint,
1222 2473 1293 2523 qui
1325 2473 1497 2511 veniant
1526 2469 1591 2509 ἐπ’
1624 2469 1737 2520 ἐξερ-

106 2540 344 2593 γασμένοισι
383 2541 518 2592 (VIII.
561 2540 646 2592 64).
689 2542 853 2581 Revera
891 2540 1062 2580 Diodori
1091 2540 1336 2589 excerptum
1366 2538 1609 2587 Ephoreum
1643 2535 1733 2585 (XI.

3 2599 14 2630 1
52 2615 60 2633 ³
105 2604 157 2645 80
183 2605 299 2656 sqq.)
338 2618 486 2646 omnes
523 2607 782 2646 Graecorum
819 2606 962 2656 copias
992 2605 1138 2655 proelii
1168 2604 1394 2654 participes
1422 2603 1556 2657 fuisse
1584 2601 1733 2649 tradit,

2 2671 10 2679 ''
59 2669 382 2727 ‘yg'l’egeatarum
424 2674 565 2712 autem
608 2674 770 2722 partes,
817 2671 975 2721 quibus
1018 2672 1184 2720 praeter
1222 2668 1574 2708 Lacedaemonios
1611 2668 1738 2715 atquc

105 2734 380 2776 Athenienses
435 2737 706 2787 praecipuam
759 2737 966 2776 tribuerat
1016 2735 1183 2774 laudem
1239 2733 1502 2782 Herodotus,
1559 2742 1737 2781 prorsus

50 2820 55 2856 ᾗ
106 2801 308 2851 neglexit,
349 2813 610 2852 quamquam
649 2802 764 2852 apud
792 2814 889 2842 eum
920 2801 1126 2841 Corinthii
1156 2801 1427 2850 Megarenses
1458 2796 1629 2835 Phliasii
1662 2794 1732 2845 (cf.

43 2872 64 2924 ἐς,
107 2864 207 2905 Hdt.
239 2866 312 2906 IX.
345 2866 414 2917 69)
454 2870 582 2917 atque
620 2868 725 2907 adeo
760 2867 946 2918 Sicyonii
985 2878 1112 2905 suum
1143 2866 1346 2904 honorem
1375 2863 1587 2903 consecuti
1619 2863 1731 2899 sunt.

5 2935 6 2938 ’
108 2929 315 2971 Diodorus
365 2934 507 2972 autem
555 2933 720 2983 omisit,
772 2935 820 2972 ut
860 2933 904 2971 in
946 2943 1116 2982 pugnae
1160 2930 1414 2970 Salaminiae
1456 2927 1737 2976 descriptione

58 3074 70 3107 -ἰ
148 3065 180 3109 7)
224 3067 276 3102 Cf.
301 3069 423 3103 Busolt
446 3068 502 3104 11².
526 3068 593 3103 736
617 3079 650 3103 n.
675 3068 715 3112 3,
740 3069 799 3101 Ed.
823 3068 944 3110 Meyer
969 3067 1025 3100 111.
1050 3066 1123 3099 413.
