2072 3568
893 210 942 249 91
1506 210 1532 262 g
1563 211 1733 251 51—54.

101 335 319 388 probabile
358 337 423 374 est
461 335 755 384 collectorem,
801 335 875 384 qui
913 336 1050 374 cetera
1088 346 1182 385 epp.
1231 335 1498 375 Corinthiaca
1536 337 1739 385 quattuor

49 395 75 448 {2ss
102 401 299 443 asciverit
334 421 387 428 —-
423 412 559 439 unum
595 399 671 439 137
708 400 752 438 in
791 399 895 450 Syll.
929 411 952 439 a
982 400 1152 439 Timaeo
1180 401 1401 439 inventum
1430 412 1524 439 esse
1553 401 1738 439 vidimus

105 465 133 519 ξ
161 466 235 516 32,
275 466 356 505 tria
385 465 454 516 97,
496 465 570 515 98,
614 464 690 504 134
727 465 772 503 in
809 465 902 503 eius
940 465 1130 514 reliquiis
1167 465 1210 504 in
1241 465 1322 504 ΑΡ.
1356 466 1493 504 obviis
1521 468 1623 505 sunt
1652 478 1738 505 ser-

103 533 202 572 vata
237 552 290 559 —
326 531 547 581 quintum,
589 530 704 580 quod
742 530 1061 580 epigrammatis
1098 530 1149 570 97
1188 531 1242 569 sit
1279 531 1504 581 gemellum
1539 532 1739 581 quodque

10 612 12 614 ’
102 608 190 639 una
217 608 315 637 cum
343 596 492 636 ceteris
521 595 636 645 apud
666 595 887 645 Ephorum
916 595 1145 645 invenerit,
1178 596 1427 646 neglexisse.
1469 596 1606 646 Atque
1634 597 1738 635 adeo

106 660 133 715 g
163 661 237 702 101
267 673 335 701 me
362 661 756 700 demonstraturum
785 671 879 699 esse
907 672 1032 710 spero
1060 660 1104 699 in
1124 661 1376 711 Anthologia
1397 662 1588 700 Palatina
1609 662 1738 700 huius

7 731 13 775 ἶ
103 727 421 779 epigrammatis
458 726 637 777 vestigia
674 717 819 765 extar'e
853 726 898 764 in
936 726 1133 764 lemmate
1169 726 1488 776 epigrammatis
1525 727 1619 765 VII.
1661 726 1739 766 250

8 794 14 840 ’ἢ
39 807 70 842 ς,
105 790 178 844 ’(-4-
206 791 309 832 Sim.
341 791 411 843 97)
441 791 499 836 εἷς
526 788 622 835 τοὺς
650 789 826 840 αὐτούς,
859 791 974 840 quod
1003 801 1089 829 non
1119 793 1278 841 spectet
1305 791 1359 830 ad
1388 803 1452 840 ep.
1482 792 1739 841 praecedens

47 854 72 877 ‘“
107 857 230 910 (Sim.
271 856 341 908 92)
381 854 420 897 ὦ
457 855 584 903 ξεῖν’
617 854 848 908 ἀγγέλλειν,
892 857 966 895 sed
1003 857 1058 895 ad
1095 857 1321 906 gemellum
1357 868 1422 906 ep.
1456 856 1507 896 96
1546 853 1584 895 ὧ
1622 856 1740 903 ξένε

7 943 10 978 j
43 923 71 978 ,J
104 922 308 975 εὔυδρον,
358 923 474 973 quod
519 922 682 962 librarii
727 933 872 961 errore
920 921 1021 972 (iam
1069 923 1167 961 ante
1209 922 1438 972 Cephalam
1485 923 1528 960 in
1573 923 1739 962 Corona

5 1001 12 1047 j,
46 978 68 1030 ῑὲ·
104 989 337 1040 Meleagrea
373 986 620 1038 commisso)
660 989 833 1037 propter
866 987 1139 1026 exordiorum
1169 988 1487 1026 similitudinem
1516 988 1739 1026 transmis-

8 1058 10 1060 ’
105 1065 202 1094 sum
229 1054 297 1093 sit.

8 1111 10 1115 ’
156 1119 223 1159 Ex
262 1119 409 1158 eodem
450 1119 591 1169 fonte,
642 1118 715 1168 qui
757 1118 794 1157 ei
837 1118 1125 1168 suppeditavit
1169 1118 1438 1157 Corinthiaca
1481 1129 1575 1168 epp.
1623 1119 1735 1166 duo,

103 1185 344 1240 Favorinus
381 1185 583 1235 petivisse
619 1184 789 1223 videtur
826 1195 890 1233 ep.
934 1184 1057 1234 Preg.
1090 1183 1168 1222 233
1205 1200 1256 1215 =
1295 1183 1377 1222 ΑΡ.
1411 1184 1505 1222 VII.
1541 1183 1615 1222 153
1656 1183 1735 1234 (or.

51 1264 84 1287 -2¹
106 1247 135 1303 ξ
170 1250 265 1301 38),
306 1261 371 1300 ep.
414 1250 537 1301 Preg.
579 1250 630 1289 25
667 1265 721 1282 =
756 1249 839 1288 ΑΡ.
872 1249 967 1288 VII.
1009 1249 1086 1288 304
1127 1247 1206 1299 (or.
1242 1247 1267 1300 ξ
1298 1247 1392 1299 39),
1434 1260 1498 1298 ep.
1534 1249 1655 1298 Preg.
1689 1248 1739 1287 69

104 1314 186 1368 (or.
229 1315 255 1367 ἓ
297 1314 380 1366 15).
435 1316 550 1355 Usus
588 1315 719 1366 igitur
755 1326 850 1354 esse
886 1315 1055 1354 videtur
1093 1326 1230 1364 neque
1265 1315 1470 1364 scriptore
1508 1314 1649 1363 aliquo
1686 1314 1739 1352 ad

55 1403 83 1419 ν
107 1380 306 1432 Syllogen
347 1381 634 1421 Simonideam
673 1380 907 1419 recurrenti
946 1391 1084 1429 neque
1115 1379 1285 1430 Sylloge
1313 1380 1427 1429 ipsa,
1470 1379 1544 1418 sed
1574 1380 1740 1419 Corona

103 1442 339 1497 Meleagrea
379 1445 449 1497 (cf.
486 1446 511 1498 ξ
552 1446 603 1486 67
632 1458 675 1485 n.
709 1444 793 1495 65).
839 1445 964 1495 Apud
1003 1446 1179 1484 Dionem
1219 1445 1574 1496 chrysostomum
1611 1445 1740 1483 huius

56 1510 301 1566 ἒ;11οτ116ἕίἰ
328 1512 506 1552 adhibiti
535 1512 701 1551 nullum
730 1512 845 1550 extat
873 1511 1114 1561 vestigium.

709 1648 748 1688 8.
808 1656 1133 1687 HEPHAEs'rio.

52 1821 72 1829 .,
161 1772 188 1827 ἕ
217 1773 282 1814 54.
342 1772 410 1814 De
455 1771 798 1825 Hephaestione
845 1772 1074 1813 Coronam
1121 1771 1428 1823 Meleayream
1475 1770 1736 1822 usurpanti.

54 1843 75 1886 j
107 1838 201 1881 Duo
235 1851 330 1890 epp.
371 1838 485 1890 apud
524 1839 881 1889 Hephaestionem
915 1838 1148 1877 laudantur
1176 1849 1310 1887 eaque
1342 1837 1572 1876 Simonidis
1601 1839 1741 1875 aucto-

107 1902 229 1944 ritate
256 1905 487 1954 instructa,
531 1916 641 1954 quae
669 1904 840 1943 aliunde
869 1903 991 1943 nobis
1022 1915 1104 1943 non
1137 1905 1237 1942 nota
1267 1905 1380 1942 sunt.
1429 1902 1530 1951 Cap.
1563 1902 1586 1940 4
1616 1913 1656 1951 p.
1694 1902 1742 1940 16

7 1970 9 1972 ’
54 1966 86 2014 ’ζ’
106 1968 295 2021 ,Westpn
318 1982 384 2020 ep.
409 1969 483 2009 131
511 1969 782 2020 reprehendit
808 1971 982 2020 propter
1001 1980 1155 2008 nomen
1176 1969 1396 2018 proprium
1412 1964 1743 2018 Ἆριοτο-γείτων

58 2051 77 2092 ἰ,
94 2044 183 2086 βοὶ·
217 2035 327 2075 duos
361 2047 515 2075 versus
543 2035 731 2074 divisum
763 2034 866 2086 (πᾶν
893 2033 1048 2086 μέτρον
1076 2032 1133 2077 εἷς
1161 2031 1313 2072 τελείαν
1340 2033 1589 2082 περατοῦται
1616 2029 1741 2077 λέξιν,

6 2139 9 2143 Δ
109 2097 212 2140 ὅθεν
245 2098 446 2152 ἕπίληπτά
483 2099 564 2140 ἐστι
601 2098 649 2140 τὰ
687 2102 854 2140 τοιαῦτα
892 2096 1212 2150 Σιμωνίδου
1250 2096 1306 2137 ἐκ
1348 2098 1449 2135 τῶν
1486 2095 1741 2147 ἐπιγραμ-

6 2179 10 2183 ’
69 2187 78 2203 ‚‚
107 2162 332 2217 μάτων),
377 2177 468 2216 cap.
512 2166 561 2205 17
603 2178 644 2216 p.
687 2166 734 2205 61
779 2166 843 2204 W.
893 2164 1010 2215 (inde
1052 2165 1199 2203 auctor
1241 2160 1335 2213 περὶ
1375 2155 1609 2213 ποιήματος
1651 2173 1684 2199 c.
1718 2160 1741 2198 3

108 2241 151 2281 p.
180 2230 232 2270 66
259 2229 346 2281 W.)
385 2242 449 2281 ep.
484 2230 561 2270 188
598 2242 676 2281 pro
713 2230 904 2280 exemplo
933 2229 1058 2268 affert
1085 2229 1284 2279 μετρικοῦ
1314 2226 1520 2266 ἀτάκτουε
1557 2223 1743 2265 τοιοῦτόν

3 2318 6 2320 -
65 2288 190 2342 jean
221 2293 380 2336 καὶτὸ
417 2293 786 2347 Σιμωνίδειον
822 2293 1152 2346 ἐπίγραμμα.

161 2360 253 2401 Iam
289 2373 365 2412 per
398 2373 445 2401 se
476 2361 696 2412 probabile
723 2362 789 2400 est
818 2359 1176 2410 Hephaestionem
1204 2360 1244 2397 et
1275 2360 1435 2397 ceteros
1464 2368 1572 2406 quos
1601 2356 1743 2395 laudet

51 2419 261 2483 gjversus
296 2427 338 2466 et
365 2426 444 2466 hos
475 2426 741 2466 Simonideos
771 2437 855 2464 non
885 2425 1057 2464 chartae
1085 2423 1313 2463 mandasse
1342 2423 1423 2461 nisi
1452 2434 1503 2461 ex
1533 2423 1742 2461 bonorum

61 2489 313 2548 &librorum
359 2491 620 2531 auctoritate.
677 2492 793 2542 Ergo
842 2491 885 2529 in
941 2489 1194 2529 Simonideis
1245 2500 1340 2527 eum
1389 2488 1741 2538 epigrammatum

2 2592 6 2596 .
64 2550 348 2610 {collectione
382 2557 568 2606 quadam
597 2568 725 2596 usum
754 2567 849 2595 esse
877 2555 1133 2595 constituere
1162 2565 1406 2604 possumus.
1449 2552 1586 2598 Quam
1618 2553 1742 2592 Coro-

13 2628 17 2630 ’
68 2630 209 2675 ιιιῐι
236 2621 515 2672 Meleagream
544 2622 678 2661 fuisse
707 2622 810 2661 hace
839 2621 1002 2676 ratione
1029 2619 1202 2670 probari
1232 2630 1358 2668 posse
1386 2630 1524 2668 spero.

75 2677 268 2727 ..binde
293 2698 318 2726 a
347 2685 564 2727 Brunckio
590 2699 655 2737 ep.
691 2686 767 2726 188
795 2685 905 2725 duas
935 2687 1107 2736 propter
1132 2695 1285 2724 causas
1312 2683 1501 2722 virorum
1522 2683 1741 2721 doctorum

52 2742 273 2805 &animos
300 2753 491 2792 offendit.
522 2752 631 2792 Nam
661 2751 927 2791 mirabantur
955 2753 1014 2801 et,
1038 2750 1111 2800 qui
1135 2749 1341 2789 Simonidi
1362 2748 1516 2788 ascribi
1538 2748 1743 2798 potuisset

77 2809 90 2840 2
110 2815 368 2868 epigramma
404 2817 449 2857 in
488 2817 799 2856 Aristodemum
836 2817 986 2855 Eleum
1015 2815 1236 2864 athletam,
1271 2826 1397 2863 quem
1427 2813 1647 2863 Olympiae
1675 2812 1738 2850 01.

58 2875 163 2938 ’98
191 2880 308 2934 (ιιι.
341 2882 436 2934 388)
468 2883 620 2923 vicisse
649 2884 811 2922 certum
840 2884 902 2920 est
935 2880 1137 2932 (African.
1172 2891 1212 2930 p.
1246 2878 1296 2918 58
1326 2877 1500 2928 Rutg.)‚
1534 2883 1596 2927 et,
1630 2877 1742 2926 quod

65 2943 154 2998 (211¹
189 2946 506 2998 epigrammatis
542 2947 716 2988 exordio
753 2947 1032 2986 laudarentur
1071 2945 1269 2983 victoriae
1307 2944 1360 2982 ab
1399 2943 1500 2981 Eleo
1530 2941 1742 2981 Isthmicis

55 3003 368 3066 ζ,’,;ι·οροι·ιειαε,
409 3024 506 3052 eum
544 3012 598 3052 ab
635 3012 702 3051 his
740 3012 852 3051 ludis
891 3012 997 3050 teste
1035 3009 1248 3048 Pausania
1278 3009 1323 3047 v.
1360 3008 1397 3047 2.
1431 3008 1477 3056 2,
1519 3007 1589 3045 VI.
1627 3006 1685 3045 16.
1719 3006 1743 3044 2

70 3065 236 3133 {Eleos
275 3077 490 3127 prohiberi
531 3078 764 3127 eodemque
804 3078 911 3116 teste
948 3076 1018 3115 VI.
1061 3075 1098 3114 3.
1142 3074 1166 3113 4
1206 3073 1518 3112 Aristodemum
1558 3071 1743 3121 Pythicis
