2072 3568
909 206 961 246 89
1521 207 1547 259 g
1579 208 1652 259 50,
1686 209 1751 248 51.

171 348 213 379 4ιι
258 330 429 370 levioris
466 330 668 369 momenti
697 331 783 380 est,
825 330 1027 380 quoniam
1061 331 1302 370 Simonidea
1332 333 1564 371 auctoritas
1592 344 1644 371 ex
1672 333 1755 382 epi·

56 385 88 429 ’.ἶ
130 414 143 443 ;
183 397 356 435 mmate
390 396 484 445 ipso
521 395 606 445 peti
643 395 792 445 potuit.
839 395 1006 446 Respici
1036 398 1176 435 autem
1206 396 1374 436 videtur
1402 398 1512 437 idem
1543 410 1607 448 ep.
1641 398 1756 448 apud

121 458 332 511 Vde-rium
357 461 610 509 Maximum
640 461 755 510 apud
780 473 906 510 quem
929 461 973 500 in
999 462 1134 511 capite
1157 462 1275 501 VIII.
1293 463 1328 513 7,
1353 463 1468 513 quod
1493 464 1556 502 est
1580 462 1650 502 ‘de
1662 464 1755 502 stu-

66 522 79 571 s
123 524 203 568 ιίἰὸ
227 527 270 567 et
292 524 545 566 industria'
570 528 611 565 et
634 527 678 564 in
703 527 850 565 eodem
871 528 1124 577 argumento
1145 529 1342 567 versatur
1363 540 1411 568 ac
1432 529 1729 567 Plutarcheum
1742 559 1752 578 ,

121 602 218 633 cum
258 592 438 631 aliorum
475 593 567 630 tum
605 603 758 630 senum
796 591 959 631 ferreae
994 592 1231 632 industriae
1267 593 1512 633 afferuntur
1548 594 1752 643 exempla.

8 659 13 710 ξ
49 674 61 683 ”
122 658 184 698 De
221 656 437 697 Simonide
472 657 555 695 ext.
600 656 648 695 13
677 658 759 695 est:
803 655 1133 697 ‘Simonides
1165 669 1268 698 vero
1298 659 1443 709 poeta
1481 657 1756 710 octoyesimo

8 715 12 762 Ῐ
74 724 78 739 ²
122 733 246 763 anno
275 722 318 762 et
346 719 555 762 docuisse
581 732 628 761 se
656 718 867 761 carmina
895 723 938 761 et
966 720 1016 761 in
1046 733 1204 762 eorum
1229 724 1457 763 certamen
1478 723 1759 764 descendisse

8 835 11 839 Ι
122 786 219 840 ipse
244 785 509 838 yloriatur’.
543 786 662 832 Quae
689 788 975 837 autemvapud
1005 789 1282 828 Plutarchum
1311 791 1588 839 consequitur
1611 790 1756 829 fabula

8 846 11 902 J
67 888 72 891 ,
122 852 175 892 de
198 851 405 903 Sophocle
428 853 606 891 chorum
627 853 913 891 clarissimum
933 853 1162 903 Oedipodis
1192 855 1363 894 Colonei
1383 855 1756 894 coram-iudicibus

47 945 52 948 >
122 918 335 968 recitanti,
376 918 585 957 eiusmodi
619 919 908 958 narrationem
937 920 1156 968 praemisit
1188 920 1430 959 Simonideo
1459 921 1650 970 exemplo
1678 921 1756 959 Va·

4 1001 10 1029 ·{
121 983 252 1027 larius
291 982 427 1034 (VIII.
462 983 498 1022 7.
530 985 614 1022 ext.
649 982 732 1034 12).
781 984 1059 1024 Plutarchum
1097 986 1224 1034 atque
1260 986 1474 1024 Valerium
1511 986 1758 1024 adhibuisse

7 1073 10 1076 «
104 1048 260 1088 ,ίοῐιίῑθε
309 1050 512 1099 cognatos
559 1049 833 1088 manifestum
884 1051 960 1088 est.
1021 1050 1173 1099 Itaque
1218 1050 1353 1090 fuisse
1398 1051 1568 1090 videtur
1614 1062 1755 1089 rerum

56 1124 70 1134 ‘
104 1114 458 1154 -memorabilium
493 1115 693 1165 scriptor,
733 1115 806 1164 qui
834 1115 1027 1165 undique
1054 1114 1088 1166 S)
1121 1116 1382 1166 congesserit
1411 1116 1677 1155 narrationes
1706 1116 1758 1154 de

122 1179 226 1231 viris
253 1179 510 1230 illustribus,
543 1191 629 1230 quo
657 1191 709 1219 ex
731 1180 841 1219 libro
866 1181 997 1220 variis
1024 1181 1160 1220 modis
1185 1182 1229 1220 in
1254 1184 1485 1231 utrumque
1509 1182 1754 1231 scriptorem

55 1247 70 1298 J?
121 1245 388 1285 manaverint
424 1247 634 1295 excerpta.
681 1245 765 1291 Qui
800 1248 948 1286 auctor
982 1258 1068 1296 quo
1097 1247 1212 1286 fonte
1240 1258 1348 1286 usus
1378 1248 1432 1286 sit
1460 1250 1588 1296 atque
1615 1248 1757 1285 utram

118 1307 502 1361 'repraesentaverit
533 1311 803 1351 traditionem
832 1311 1016 1351 discerni
1044 1313 1202 1362 nequit.
1249 1312 1491 1352 Simonidea
1519 1312 1631 1351 enim
1661 1323 1756 1351 auc-

55 1383 81 1433 J
121 1376 270 1416 toritas
297 1376 397 1416 huic
423 1377 718 1427 epigrammati
748 1377 909 1416 adiecta
938 1378 1207 1416 traditionem
1240 1378 1268 1417 S
1300 1389 1384 1416 non
1416 1378 1570 1427 arguit.
1610 1377 1757 1416 Totius

68 1459 93 1499 j*
121 1441 439 1492 epigrammatis
466 1443 608 1492 testis,
645 1442 882 1482 Scholiasta
907 1443 1190 1493 Hermogenis
1222 1442 1267 1494 (ἕ
1292 1442 1375 1493 79),
1409 1443 1482 1492 qui
1502 1443 1555 1482 ad
1575 1442 1756 1481 eundem

63 1508 86 1560 '3
112 1505 280 1547 ,tentem
309 1507 448 1552 redire
476 1507 656 1558 videtur,
690 1519 776 1547 non
806 1508 942 1558 magis
971 1508 1051 1547 hac
1078 1509 1121 1546 in
1149 1519 1194 1547 re
1218 1519 1297 1547 nos
1317 1508 1448 1547 iuvat.
1482 1508 1756 1558 Epigramma

121 1570 167 1611 in
189 1571 375 1623 Sylloge
411 1572 651 1612 Simonidea
696 1573 875 1612 affuisse
915 1585 1018 1612 sane
1060 1573 1142 1612 alia
1186 1573 1252 1612 via
1295 1573 1579 1612 demonstrari
1621 1575 1757 1623 potest

128 1634 207 1689 (ss
237 1636 311 1687 91,
345 1636 455 1688 100)-

59 1692 90 1732 ,5
176 1702 228 1742 In
251 1702 323 1742 lib.
347 1702 404 1743 de
423 1702 510 1743 def.
535 1714 601 1743 or.
626 1703 704 1743 436
724 1715 748 1743 a
769 1704 861 1743 sine
884 1703 1114 1743 Simonidis
1136 1704 1306 1743 nomine
1325 1705 1552 1754 praebetur
1568 1715 1632 1753 ep.
1656 1703 1753 1753 160,

62 1762 75 1828 ἶἱ
124 1767 238 1818 quod
266 1768 550 1819 Polygnoteae
568 1769 766 1819 Iliupersi
788 1769 1077 1819 subscriptum
1099 1769 1234 1808 fuisse
1252 1769 1448 1808 traditur.
1482 1770 1560 1819 Ep.
1581 1769 1758 1808 affuisse

123 1831 168 1872 in
202 1832 369 1873 Corona
398 1833 632 1884 Meleagrea
660 1834 790 1884 idque
817 1846 915 1873 cum
948 1834 1178 1873 Simonidis
1207 1835 1457 1874 auctoritate
1485 1835 1757 1874 coniunctum

123 1897 332 1949 colligitur
359 1899 521 1938 collatis
549 1899 764 1939 Pausania
794 1900 842 1938 X.
877 1899 940 1939 27.
974 1900 997 1938 4
1030 1899 1100 1950 (cf.
1137 1899 1162 1951 ξ
1194 1899 1262 1950 65)
1294 1901 1422 1949 atque
1449 1900 1531 1938 ΑΡ.
1562 1900 1633 1938 ΙΧ.
1665 1900 1753 1939 700.

122 1962 274 2014 Itaque
301 1964 557 2004 Plutarchus
578 1967 897 2015 repraesentare
917 1965 1136 2015 putandus
1160 1968 1224 2004 est
1247 1965 1516 2004 traditionem
1544 1965 1597 2013 A;
1628 1976 1757 2014 quam

8 2081 10 2083 .
71 2026 97 2061 ῗὲ
123 2026 331 2080 integram
360 2029 404 2068 in
432 2029 632 2081 Syllogen
653 2030 809 2080 recepit
830 2030 1048 2070 Collector.
1083 2030 1190 2070 Cum
1211 2042 1349 2080 neque
1365 2030 1579 2069 Plutarchi
1599 2030 1757 2068 fontem

66 2086 310 2151 '12⁷*indicare
345 2096 506 2145 possim
543 2107 682 2146 neque
718 2107 769 2135 ex
807 2096 939 2135 altero
976 2095 1216 2135 traditionis
1254 2096 1285 2134 A
1323 2095 1563 2134 testimonio
1603 2093 1649 2145 (ἓ
1688 2093 1755 2143 78)

70 2148 98 2208 -ζῖ
124 2168 272 2200 eruere
298 2160 566 2211 scriptorem,
599 2161 673 2211 qui
702 2163 801 2200 ante
825 2161 1097 2201 Collectorem
1122 2163 1202 2201 hoc
1225 2160 1530 2210 epigrammate
1554 2171 1660 2198 usus
1687 2159 1752 2208 sit,

6 2215 9 2225 ²
62 2221 331 2283 jf'incertum
367 2225 470 2264 mihi
506 2228 592 2276 est,
634 2237 686 2266 ex
728 2238 813 2275 quo
851 2227 1023 2265 auctore
1051 2226 1226 2275 petitum
1257 2226 1336 2265 hoc
1369 2237 1433 2275 ep.
1472 2237 1495 2264 a
1531 2225 1758 2265 Collectore

60 2286 89 2346 ῗζ
128 2287 324 2342 Syllogae
353 2290 621 2331 Simonideae
648 2291 811 2331 illatum
841 2291 908 2330 sit.

63 2356 97 2391 -J‘
158 2355 230 2395 ‘In
257 2355 330 2395 lib.
362 2355 418 2396 de
445 2355 540 2397 coh.
573 2355 629 2396 ir.
653 2357 732 2396 456
752 2369 774 2396 c
793 2357 995 2407 leguntur
1015 2357 1247 2396 hexametri
1268 2356 1354 2395 duo
1374 2354 1616 2406 anonymi,
1650 2366 1758 2405 quos

56 2411 85 2475 {2³⁴
109 2416 267 2471 Bergk
310 2420 564 2461 Simonideis
591 2422 911 2473 epigrammatis
941 2421 1023 2473 (ep.
1059 2421 1153 2472 177)
1184 2422 1420 2471 accensuit,
1463 2421 1578 2471 quod
1611 2419 1757 2460 Simo-

62 2486 94 2534 χί-
125 2482 266 2526 nidea
283 2487 531 2526 auctoritate
553 2487 744 2538 insigniti
771 2487 950 2527 redeunt
975 2487 1088 2537 apud
1114 2488 1305 2526 Tzetzam
1333 2487 1438 2526 Chil.
1459 2487 1492 2525 Ι.
1516 2487 1576 2525 15.
1596 2486 1672 2525 373
1690 2497 1753 2535 sq.

3 2593 7 2596 ,
66 2547 97 2595 'F‘
124 2548 208 2597 Qui
235 2562 388 2591 versus
416 2552 471 2591 ab
502 2552 730 2592 Hauvettio
757 2553 841 2592 iam
871 2553 1020 2592 merito
1048 2553 1224 2603 neglecti
1257 2552 1314 2603 (p.
1339 2552 1389 2592 32
1418 2554 1458 2591 et
1486 2564 1525 2602 p.
1550 2552 1662 2590 4011.
1692 2551 1754 2600 1),

3 2653 6 2655 ,
71 2614 225 2669 ygquia
271 2627 326 2656 ne
367 2617 537 2656 Tzetzes
580 2618 751 2667 quidem
793 2629 865 2657 eos
907 2618 1167 2669 epigramma
1210 2630 1303 2657 esse
1345 2617 1467 2657 dicit.
1488 2614 1589 2666 (πού
1631 2630 1758 2667 φησιν

79 2677 320 2738 ’.ἶῒῇᾄοματι
347 2679 634 2734 Σιμωνίδης),
668 2684 839 2723 meliore
867 2684 960 2724 iure
987 2696 1039 2724 ex
1066 2684 1320 2723 Simonideis
1344 2683 1626 2733 expelluntur,
1659 2681 1757 2730 quia

53 2738 177 2799 ''Jex
217 2745 311 2797 ipso
353 2747 604 2788 Plutarcheo
646 2749 737 2788 loco
779 2750 921 2789 hausti
965 2762 989 2789 a
1032 2750 1180 2788 Tzetza
1219 2751 1374 2788 temere
1412 2749 1494 2788 Ceo
1532 2746 1756 2787 adiudicati

78 2813 229 2861 „sunt
271 2810 340 2863 (ci.
377 2811 402 2863 ἓ
441 2812 550 2864 115).
597 2814 722 2860 Quod
764 2826 859 2854 cum
901 2815 1132 2865 Bergkium
1171 2816 1298 2864 atque
1336 2814 1612 2853 Hauvettium
1651 2812 1757 2861 fugit

170 2962 222 3012 8)
247 2971 293 3005 Ex
329 2972 579 3007 Erastosthene
612 2978 719 3016 atque
754 2974 961 3006 Philochoro
998 2974 1168 3012 tertium,
1204 2973 1295 3015 qnod
1335 2972 1423 3005 l‘lnt.
1463 2972 1604 3010 laudat,
1641 2972 1759 3003 senilis

118 3024 320 3062 'industriae
350 3030 552 3072 exemplum
585 3031 695 3063 nuxit.
745 3030 908 3063 Narratio
940 3030 982 3061 de
1016 3033 1126 3061 morte
1154 3028 1384 3068 Philemonis,
1416 3037 1506 3069 «quiae
1531 3027 1759 3067 consequitur

126 3082 218 3125 apud
242 3083 352 3128 mut„
377 3086 467 3119 redit
490 3086 582 3128 apud
610 3086 807 3128 Valerium,
832 3087 889 3118 sed
919 3095 1059 3127 prorsus
1084 3085 1186 3117 aliter
1210 3085 1348 3126 alioque
1374 3085 1446 3115 loco
1470 3083 1542 3123 (lx.
1561 3082 1613 3115 12.
1629 3082 1758 3119 exuli).
