2072 3568
927 225 1002 265 183
1123 196 1127 202 ⁸
1496 226 1522 278 ς
1555 227 1652 278 101,
1687 228 1777 267 102.

68 338 326 410 7—10),
371 362 482 400 quae
517 350 561 388 in
599 349 668 389 illa
707 351 863 399 pagina
900 350 1120 400 leguntur,
1168 351 1303 390 artius
1341 352 1682 402 coniungeretur.
1729 353 1780 391 In

74 412 113 455 :³3³
146 415 295 466 eapitis
340 415 397 460 εἰς
436 413 754 467 ναυηγήσαντας
797 415 958 465 sylloge
999 416 1232 465 posteriore
1273 416 1358 455 duo
1400 417 1597 466 deinceps
1639 418 1781 467 posuit

146 492 240 532 epp.
278 479 516 531 510.(111b.
557 480 619 519 19.
657 480 730 530 22,
777 479 959 531 Simon.)
1000 483 1040 519 et
1078 481 1155 520 513
1196 480 1316 532 (111¹).
1357 481 1418 520 19.
1456 482 1529 531 23,
1572 481 1776 532 Simon.),

73 558 75 591 j
147 546 250 587 illud
286 548 427 586 autem
459 557 628 600 errore,
671 558 771 584 nam
801 546 985 595 recipere
1013 547 1158 585 debuit
1185 549 1226 585 et
1253 547 1435 586 fortasse
1464 547 1596 586 voluit
1624 548 1667 586 in
1697 548 1781 598 syl-

79 643 83 646 .
145 611 270 663 logen
298 611 355 656 εἰς
382 610 524 662 νέους,
557 612 601 650 in
630 623 716 661 qua
744 612 837 650 iure
864 611 1020 662 legitur
1048 613 1180 662 epigr.
1212 613 1288 652 515
1321 611 1523 663 (1112.20.
1545 613 1616 663 16,
1653 612 1778 664 Sim.)

77 675 93 725 J<
146 676 191 716 in
217 677 413 716 iuvenem
442 676 735 727 cognominem
764 678 892 726 atque
919 677 1102 716 fortasse
1129 678 1311 716 eundem
1341 678 1628 717 Timarchum.
1662 678 1781 723 Quae

73 738 83 783 J·
145 741 190 780 in
221 741 323 792 Syll.
355 741 458 781 Sim.
487 741 666 780 affuisse
693 741 840 780 monui
869 753 963 791 epp.
995 741 1103 791 duo,
1137 754 1185 781 ea
1217 743 1334 781 Plan.
1363 743 1518 792 recepit
1547 742 1624 782 508
1655 742 1776 793 (111b.

8 834 10 838 -
71 818 86 860 ζ’,
148 806 210 846 14.
253 806 325 857 12,
371 805 427 850 εἰς
468 803 652 857 ἰατροὺς)
696 808 737 845 et
774 806 852 845 512
893 805 1014 857 (IlIb.
1051 807 1088 845 4.
1128 807 1198 856 11,
1242 806 1298 851 εἰς
1335 805 1571 858 ἀνδρείους)
1612 809 1782 847 nomine

8 875 10 877 ’
149 871 378 912 Simonidis
406 872 620 910 destituta.
655 871 802 911 Cetera
831 883 925 921 epp.
957 872 1152 922 neglexit.

200 936 390 976 Primum
435 937 698 987 epigramma
745 936 822 976 507
865 937 918 975 ad
963 937 1249 986 Cephalanam
1292 938 1443 976 seriem
1484 939 1654 987 proprie
1695 950 1779 977 non

2 1008 4 1010 ’
146 1003 360 1053 pertinuit.
408 1003 589 1043 Carmen
624 1002 737 1041 enim
772 1003 927 1052 legitur
962 1003 1006 1041 in
1035 1003 1117 1041 ΑΡ.
1146 1003 1188 1041 in
1219 1015 1355 1041 unum
1384 1003 1655 1042 coniunctum
1684 1015 1781 1041 cum

144 1068 338 1117 sequenti
378 1068 683 1118 epigrammate
725 1067 802 1106 507
832 1067 859 1105 b
901 1089 955 1095 —
996 1067 1082 1106 duo
1125 1068 1305 1106 disticha
1348 1068 1433 1106 duo
1474 1068 1780 1117 epigrammata

67 1122 94 1182 ’,ἢ
145 1142 240 1172 esse
261 1133 431 1172 diversa
454 1133 539 1172 iam
563 1132 767 1171 intellexit
788 1133 947 1171 Jacobs
973 1155 1024 1160 --
1047 1133 1199 1171 lemma
1225 1135 1388 1183 autem,
1417 1145 1502 1182 quo
1523 1133 1780 1172 instructum

86 1215 87 1218 ¹
145 1198 209 1237 est
249 1209 410 1237 novum
450 1198 635 1252 duorum
677 1198 956 1236 distichorum
998 1209 1191 1247 carmen,
1238 1198 1362 1236 unice
1399 1198 1569 1246 respicit
1607 1198 1780 1236 alterius

145 1263 313 1303 distichi
350 1262 664 1314 argumentum.
712 1264 862 1313 Itaque
900 1263 1120 1313 probabile
1157 1265 1220 1302 est
1241 1254 1433 1302 'alterius
1462 1263 1780 1312 epigrammatis

145 1339 239 1368 esse
282 1330 323 1368 et
368 1329 521 1368 lemma
568 1331 608 1368 et
657 1329 949 1368 Simonideum
995 1329 1192 1378 titulum,
1243 1328 1401 1378 quibus
1448 1330 1646 1367 ornatum
1688 1339 1782 1366 esse

60 1412 82 1423 ¹>
145 1393 340 1433 videatur
374 1406 536 1433 novum
571 1406 764 1444 carmen,
803 1395 1031 1444 postquam
1060 1394 1139 1433 hoc
1167 1394 1427 1444 epigramma
1457 1395 1496 1432 et
1525 1394 1780 1442 praecedens

65 1451 90 1501 α’,
144 1457 339 1499 lemmate
375 1460 582 1510 tituloque
620 1471 722 1499 casu
760 1460 989 1509 nescioquo
1027 1460 1242 1511 privatum
1281 1460 1324 1498 in
1362 1471 1497 1498 unum
1531 1459 1776 1498 coaluerint.

145 1523 269 1570 Quod
297 1525 551 1564 confirmare
580 1526 747 1564 videtur
777 1525 1012 1575 Planudes,
1045 1525 1119 1574 qui
1148 1525 1268 1574 prius
1297 1526 1463 1564 tantum
1488 1525 1642 1574 recepit
1665 1524 1781 1562 disti-

93 1623 95 1625 .
145 1590 255 1630 chon
292 1592 340 1629 ut
376 1603 547 1630 carmen
586 1591 798 1641 peculiare
826 1603 964 1640 neque
992 1591 1035 1629 id
1067 1590 1297 1630 Simonidis
1326 1591 1447 1629 titulo
1475 1590 1677 1628 instruxit
1707 1590 1781 1628 sed

146 1654 384 1695 Alexandri.
417 1657 510 1695 Non
540 1656 670 1695 huius
697 1657 775 1695 loci
804 1659 868 1695 est
897 1668 1122 1706 quaerere,
1156 1668 1259 1694 num
1281 1667 1429 1694 revera
1448 1667 1618 1694 carmen
1638 1655 1781 1694 Aetolo

66 1731 75 1780 «ς’
145 1721 367 1772 debeatur,
406 1722 481 1761 sed
514 1722 594 1761 hoc
629 1723 825 1761 constare
852 1723 955 1771 puto
984 1721 1164 1760 Planudi
1195 1733 1332 1770 neque
1359 1721 1620 1771 epigramma
1649 1720 1782 1758 fuisse

78 1814 86 1818 ι
148 1786 438 1839 Simonideum
467 1789 507 1826 et
536 1787 658 1826 seriei
690 1787 957 1826 Simonideae
985 1787 1246 1837 epigramma
1275 1787 1461 1836 primum
1490 1798 1554 1835 ep.
1581 1785 1658 1824 507
1683 1785 1722 1823 b.

201 1852 327 1892 Valde
345 1853 512 1903 dubito,
539 1853 649 1891 sitne
669 1852 799 1891 series
819 1852 889 1891 illa
910 1852 987 1891 507
1003 1851 1164 1891 b—516
1185 1853 1231 1890 ut
1251 1852 1437 1901 reliquae
1456 1851 1566 1890 duae
1585 1851 1779 1889 habenda

64 1932 90 1946 ·-
145 1929 223 1968 pro
258 1918 498 1969 fragmento
535 1918 708 1957 maioris
744 1918 908 1957 ordinis
946 1930 970 1957 a
1008 1918 1219 1967 Meleagro
1253 1929 1304 1956 ex
1336 1917 1507 1967 Sylloge
1538 1916 1779 1955 Simonidea

77 1994 97 2027 1-
145 1983 342 2033 excerpti.
387 1983 479 2022 Iam
509 1995 584 2034 per
613 1995 658 2022 se
686 1983 842 2022 mirum
871 1985 957 2033 est,
999 1983 1113 2032 quod
1142 1985 1238 2033 post
1267 1983 1451 2032 priorem
1481 1982 1780 2031 sepulcralium

66 2042 90 2103 ᾗ
144 2048 497 2099 epigrammatum
543 2048 882 2088 Simonideorum
927 2049 1077 2087 seriem
1122 2048 1366 2087 continuam
1409 2048 1450 2086 in
1495 2048 1610 2086 viros
1649 2048 1779 2085 fortes

145 2114 318 2154 alteram
359 2114 625 2164 invenimus,
671 2114 714 2152 in
756 2125 841 2163 qua
884 2114 1034 2153 adesse
1077 2125 1161 2152 non
1206 2113 1373 2152 videtur
1414 2114 1575 2151 certum
1617 2111 1780 2150 ordinis

66 2183 88 2235 'j
145 2180 381 2219 consilium.
415 2180 493 2230 Ep.
522 2179 791 2229 Tegeaticum
822 2179 922 2228 512,
954 2179 1069 2228 quod
1098 2179 1141 2217 in
1171 2179 1249 2218 hac
1278 2178 1384 2217 varii
1408 2177 1648 2227 argumenti
1675 2177 1781 2215 serie

146 2245 318 2284 unicum
355 2247 420 2284 est
455 2245 498 2284 in
540 2245 654 2283 viros
692 2245 845 2293 fortes,
887 2243 1028 2293 potius
1065 2244 1109 2282 in
1147 2243 1288 2293 priore
1322 2243 1507 2293 positum
1538 2243 1603 2280 vel
1632 2242 1779 2280 saltem

146 2322 241 2350 cum
276 2311 453 2361 gemello
482 2322 561 2349 suo
590 2308 689 2349 VII.
718 2309 796 2348 442
825 2310 1015 2348 iunctum
1046 2308 1347 2358 expectaveris.
1394 2307 1513 2352 Quae
1541 2308 1681 2346 autem
1712 2318 1780 2344 res

145 2376 327 2415 maxime
349 2387 415 2415 me
439 2377 599 2425 movet,
629 2387 682 2414 ne
705 2375 964 2425 Meleagrum
989 2375 1099 2414 hanc
1124 2374 1274 2413 seriem
1299 2372 1589 2423 composuisse
1610 2374 1775 2421 putem,

57 2431 86 2481 'J
145 2440 182 2480 is
217 2443 282 2480 est
317 2441 422 2480 ordo
458 2440 674 2490 litteralis,
716 2440 789 2490 qui
828 2439 871 2478 in
910 2440 977 2478 his
1014 2439 1332 2490 epigrammatis
1370 2438 1558 2477 cernitur
1595 2437 1779 2486 exceptis

68 2496 85 2532 's'
116 2535 118 2537 »
145 2506 284 2546 tribus
306 2506 506 2546 extremis
534 2505 673 2556 (5071)
698 2503 798 2553 οὒκ;
829 2505 907 2544 508
935 2502 1198 2551 ῙΙαυσανίαν;
1230 2503 1438 2542 509-511
1466 2505 1602 2554 σῆμα,
1632 2503 1780 2552 σῶμα,

145 2573 279 2623 σῆμα;
323 2571 400 2611 512
443 2568 594 2618 τῶνὸε;
638 2570 715 2610 513
757 2569 853 2622 φῆ).
900 2569 982 2615 Qui
1014 2568 1315 2608 Stadtmiillero
1345 2567 1465 2606 seriei
1494 2567 1699 2616 originem
1729 2578 1780 2604 ex

148 2635 319 2687 Sylloge
364 2636 606 2676 Simonidea
649 2635 831 2685 probare
874 2635 1098 2675 videbatur
1137 2633 1240 2684 (vid.
1279 2633 1539 2684 ad⁴titulum
1578 2644 1642 2681 ep.
1676 2631 1778 2670 507:

72 2694 102 2753 ἦ
150 2699 216 2741 Ἷτ.
246 2701 349 2752 Syll.
380 2701 540 2741 Simon.
569 2712 663 2750 epp.
692 2699 903 2739 507—513
926 2697 983 2750 <A
1005 2721 1056 2727 —
1075 2696 1186 2749 ΦΥ),
1215 2698 1316 2736 mihi
1337 2699 1483 2737 contra
1504 2697 1778 2747 posteriorem

68 2761 101 2786 ‘¹¹'
145 2766 351 2817 originem
389 2766 543 2817 arguit.
589 2766 697 2805 Nam
726 2777 864 2815 neque
892 2765 935 2803 in
969 2764 1139 2814 Sylloge
1171 2763 1413 2803 Simonidea
1443 2762 1672 2812 digerenda
1701 2762 1779 2800 cle-

69 2840 87 2870 ξ
146 2833 378 2871 mentarem
418 2831 609 2870 ordinem
652 2830 896 2870 observavit
938 2830 1142 2870 Collector
1181 2828 1273 2879 (qui
1310 2828 1614 2878 epigrammata
1653 2838 1777 2875 argu-

68 2912 97 2947 -ῃ
147 2897 288 2935 mento
315 2897 538 2936 coniuncta
568 2898 615 2935 ut
642 2907 737 2946 epp.
766 2894 1164 2945 Thermopylensia,
1205 2893 1495 2941 Corinthiaca,
1535 2892 1637 2940 alia,
1671 2902 1780 2940 quae

8 2994 12 3000 ,
78 2981 82 2983 -
147 2960 230 3001 iam
270 2962 385 3012 apud
427 2962 655 3012 scriptores
697 2961 929 3011 composita
972 2960 1153 3009 invenit,
1200 2958 1420 2997 diremisse
1463 2969 1546 2995 non
1592 2955 1777 3006 videtur)

2 3024 5 3027 ’
148 3037 285 3076 neque
325 3027 368 3066 in
412 3027 578 3067 Corona
621 3027 830 3076 Meleager
875 3025 945 3076 (cf.
991 3025 1016 3076 ξ
1060 3023 1144 3074 89).
1199 3025 1348 3073 Itaque
1375 3022 1680 3073 epigrammata
1711 3022 1778 3060 illa

70 3089 94 3127 's
147 3094 242 3142 post
270 3092 529 3144 Meleagrum
558 3093 583 3131 i.
612 3104 647 3131 e.
676 3103 700 3131 a
731 3091 915 3141 Cephala
944 3090 1115 3129 demum
1145 3090 1186 3127 in
1218 3089 1332 3127 hunc
1359 3087 1550 3126 ordinem
1580 3091 1779 3136 congesta
