2072 3568
921 211 972 254 85
1527 218 1553 270 ς
1583 219 1756 260 45-48.

128 337 431 389 epigrammate
467 338 690 378 decantato
725 339 1076 390 Thermopylensi
1106 341 1157 380 92
1185 354 1387 382 enarrare
1415 344 1552 394 pergit
1573 344 1760 395 Strabo,

28 395 68 459 ᾖξ’,
126 404 272 443 utrum
292 414 341 442 ea
360 403 510 442 debeat
529 403 795 443 Artemidoro
817 405 1076 454 (Apollodori
1097 408 1209 447 certe
1229 419 1312 446 non
1334 410 1448 459 sunt,
1478 409 1529 448 cf.
1549 409 1763 456 Schwartz

10 466 62 516 :J‘ss'g
125 466 221 518 1.1.),
238 479 293 507 an
323 469 494 509 aliunde
522 469 772 519 sumpserit,
807 470 878 508 vix
907 470 1018 510 effici
1046 473 1203 521 potest:
1232 471 1327 524 περὶ
1353 471 1398 512 δὲ
1421 472 1468 512 τὰ
1494 473 1613 514 στενὰ
1637 477 1762 514 ταῦτα

11 535 50 587 'j'
127 531 168 572 οἱ
205 531 301 584 περὶ
336 531 558 573 Λεωνίδαν
594 532 697 586 μετὰ
736 533 890 586 ὀλίγων
927 537 1012 575 τῶν
1049 535 1227 588 ὁμόρων
1265 540 1348 582 τοῖς
1385 537 1527 583 τόποις
1564 538 1763 592 ἀντέσχον

8 587 29 601 ⁴
124 595 233 650 πρὸς
256 596 328 643 τὰς
346 597 549 645 τοσαύτας
566 601 651 639 τῶν
669 597 856 650 Περσῶν
877 598 1075 652 δυνάμεις
1096 632 1104 641 .
1128 633 1135 640 .
1159 632 1167 640 .
1189 632 1198 641 .
1221 601 1292 658 καὶ
1320 605 1395 643 νῦν
1415 602 1460 643 τὸ
1479 603 1763 656 πολυάνδριον

7 654 51 719 ⁷2}ss
125 662 297 704 ἐκείνων
333 662 414 704 ἐστὶ
450 662 522 704 καὶ
558 663 700 717 στῆλαι
737 664 808 705 καὶ
846 665 870 718 ἡ
909 665 1260 720 θρυλουμένη
1298 667 1570 721 ἐπιγραφὴ
1601 672 1649 722 τῇ
1677 673 1762 711 τῶν

23 720 48 767 ,Ῑ
125 727 478 781 Λακεδαιμονίων
506 729 631 783 στήλῃ
660 718 816 783 ἔχουσὰ
847 730 1000 776 οὕτως·
1031 744 1118 782 seq.
1153 745 1217 783 ep.
1257 734 1307 773 92
1341 735 1478 774 forma
1507 736 1560 774 A*
1592 732 1648 786 (ὦ
1673 735 1756 782 ξέν’

7 787 65 850 ,⁵23
125 792 333 846 ἀπάγγ.).
367 795 545 836 Praebet
563 796 695 846 igitur
717 796 871 836 Strabo
891 797 1210 847 epigrammatis
1231 799 1469 839 versionem
1490 801 1757 850 popularem;

7 851 58 907 ³3-
124 859 228 899 adeo
254 860 505 910 imperativo
533 860 723 912 ἄγγειλον
751 862 894 901 hiatus
923 863 1109 902 evitandi
1138 864 1274 914 gratia
1301 866 1555 915 praepositio
1575 878 1759 906 accesse-

7 952 11 975 ,
34 927 56 954 ²-
124 927 202 964 rat.
235 925 415 976 Errant,
449 927 522 975 qui
542 929 692 976 putent
715 927 968 967 Strabonem
989 928 1295 980 Thermopylas
1316 930 1512 970 visitasse
1534 930 1604 981 (ef.
1627 930 1652 982 ἓ
1669 931 1754 982 44).

7 979 57 1040 ἐἑ]
178 989 204 1042 ἓ
234 991 298 1030 47.
360 990 428 1031 De
455 991 612 1032 ceteris
640 1004 740 1043 epp.
775 992 906 1044 apud
934 992 1208 1034 Strabonem
1238 993 1396 1035 obviis.
1453 997 1626 1046 Legitur
1646 998 1753 1036 XIV.

122 1055 160 1096 2.
198 1056 222 1095 5
256 1068 298 1106 p.
337 1056 414 1096 652
449 1069 514 1107 ep.
549 1058 624 1098 185
653 1059 681 1097 b
710 1070 997 1109 anonymum,
1040 1060 1155 1109 quod
1183 1061 1227 1099 in
1257 1061 1383 1099 Anth.
1419 1061 1634 1101 Planudea
1665 1063 1752 1101 IVa.

7 1112 55 1166 Ἐξ
121 1120 158 1161 6.
192 1121 215 1160 4
247 1119 317 1172 (=
345 1133 442 1172 app.
476 1121 546 1173 82)
585 1124 625 1162 et
661 1124 705 1162 in
743 1125 863 1163 textu
900 1124 1071 1163 diverso
1108 1126 1148 1163 et
1186 1137 1282 1164 cum
1320 1126 1490 1165 nomine
1527 1126 1757 1166 Simonidis

121 1187 393 1226 coniunctum
430 1188 660 1228 invenitur.
707 1190 825 1228 Inter
862 1190 941 1229 has
978 1190 1227 1230 traditiones
1264 1193 1406 1230 autem
1445 1204 1529 1230 non
1567 1193 1756 1232 condicio

8 1251 64 1309 fs
120 1250 154 1291 A
182 1265 223 1286 ω
255 1252 284 1292 S
313 1253 551 1302 intercedit;
594 1253 825 1293 Simonidis
862 1255 974 1294 enim
1014 1267 1166 1294 nomen
1202 1256 1518 1307 epigrammati,
1561 1258 1675 1306 quod
1705 1258 1757 1297 de

121 1303 295 1358 Colosso
332 1319 497 1358 Rhodio
533 1321 618 1369 est,
661 1320 866 1359 Planudis
903 1332 1048 1360 errore
1075 1332 1169 1360 esse
1197 1322 1425 1371 adiectum,
1465 1323 1548 1361 iam
1573 1334 1622 1361 eo
1645 1323 1755 1362 effici

42 1379 64 1402 '⁵
118 1385 278 1433 potest,
318 1385 434 1434 quod
463 1396 487 1423 a
516 1386 797 1435 scriptoribus
825 1386 995 1425 duobus
1031 1387 1303 1437 Byzantinis,
1347 1388 1626 1427 Constantino
1655 1389 1754 1427 Por-

119 1448 440 1500 phyrogenneto
477 1450 530 1489 de
567 1451 679 1490 adm.
712 1451 812 1501 imp.
846 1451 894 1490 21
934 1453 1062 1501 atque
1097 1452 1288 1491 Cedreno
1317 1453 1338 1491 I
1367 1465 1407 1502 p.
1443 1453 1541 1503 755,
1584 1465 1754 1492 carmen

118 1513 299 1553 affertur
339 1514 570 1554 Simonidis
607 1516 779 1555 nomine
814 1516 1087 1567 destitutum,
1130 1529 1390 1567 quamquam
1429 1518 1574 1557 eodem
1609 1520 1749 1568 textu,

47 1576 63 1622 J
118 1578 192 1628 qui
229 1580 294 1618 est
331 1580 446 1630 apud
485 1581 733 1620 Planudem.
785 1582 996 1620 Textuum
1031 1594 1078 1621 ea
1117 1585 1181 1621 est
1219 1583 1429 1632 condicio,
1472 1585 1518 1622 ut
1548 1584 1752 1623 recentior

45 1654 65 1672 ³
120 1645 299 1684 maculis
327 1645 528 1685 affectum
561 1646 631 1696 (cf.
668 1645 693 1698 ἓ
727 1646 821 1697 114)
852 1648 1053 1697 praebeat
1083 1649 1355 1687 vetustiorem
1384 1647 1434 1698 5).

43 1730 78 1754 τ,
171 1709 447 1750 Locrensium
476 1712 736 1768 epitaphium
767 1713 1129 1763 Thermopylense
1160 1712 1241 1764 (ep.
1275 1712 1344 1764 93)
1377 1714 1531 1764 legitur
1560 1715 1632 1752 IX.
1661 1715 1697 1752 4.
1728 1715 1751 1753 2

57 1809 59 1814 Α
117 1785 158 1824 p.
192 1774 289 1825 425,
331 1777 446 1826 quod
484 1788 535 1816 ex
573 1778 827 1827 Apollodoro
867 1777 938 1829 (cf.
974 1777 999 1829 ξ
1032 1778 1099 1829 16)
1140 1779 1282 1818 hausit
1315 1779 1469 1818 Strabo
1497 1780 1699 1828 quodque
1727 1792 1751 1818 a

47 1859 61 1887 ⁴.
120 1838 438 1881 Schneidewino
469 1842 723 1882 Simonideis
752 1843 961 1882 insertum
990 1846 1076 1893 est,
1115 1844 1215 1894 quia
1245 1856 1437 1894 carmen,
1471 1845 1585 1894 quod
1615 1857 1751 1884 unum

115 1907 168 1944 ex
208 1907 753 1958 quinqueepigrammatis
791 1909 1226 1959 Thermopylensibus
1263 1910 1397 1948 fuisse
1434 1910 1746 1959 arbitrabatur,

61 1960 66 1980 ³
115 1969 153 2010 ei
180 1970 235 2010 ab
262 1971 407 2011 eodem
437 1974 559 2022 poeta
587 1973 868 2023 compositum
897 1985 991 2013 esse
1020 1974 1243 2014 videbatur
1273 1977 1399 2024 atque
1427 1977 1564 2014 cetera
1593 1975 1686 2014 tria.

753 2111 791 2150 5.
851 2119 1104 2151 mononus.

57 2284 59 2286 q
168 2230 196 2284 ’ἓ
239 2233 303 2272 48.
378 2232 446 2274 De
491 2233 718 2285 Ephoreis
759 2234 889 2286 apud
932 2234 1208 2275 Diodorum.
1283 2235 1401 2281 Quae
1443 2236 1747 2286 epigrammata

51 2300 81 2324 ⁵--
116 2295 358 2338 Simonidea
398 2298 550 2350 (eaque
585 2311 800 2351 anonyma
837 2299 997 2351 omnia)
1037 2302 1152 2351 apud
1193 2301 1423 2340 Diodorum
1453 2302 1666 2351 leguntur,
1699 2314 1746 2340 ea

48 2353 166 2413 {sex
193 2363 366 2414 Ephoro
393 2365 547 2404 hausta
575 2377 669 2405 esse
693 2366 807 2415 apud
827 2378 974 2405 omnes
994 2368 1172 2405 constat.
1207 2366 1296 2405 Lib.
1323 2367 1394 2405 XI.
1419 2366 1469 2406 33
1490 2367 1747 2416 praebentur

61 2427 82 2447 2
114 2438 207 2478 epp.
242 2429 340 2480 139,
382 2430 455 2480 91,
496 2430 548 2470 92
588 2429 650 2481 (in
688 2431 824 2470 forma
863 2429 914 2469 A’
951 2431 1003 2470 ef.
1046 2430 1071 2482 g
1111 2430 1202 2481 44);
1241 2432 1293 2470 de
1331 2432 1503 2481 Ephoro
1541 2432 1655 2471 fonte
1690 2432 1741 2471 ef.

56 2487 79 2515 ’ἶ
114 2491 258 2544 Unger
285 2495 433 2534 Philol.
466 2495 530 2535 40.
566 2496 666 2535 1881
698 2508 737 2546 p.
772 2496 823 2536 59
853 2508 946 2546 sqq.
999 2497 1076 2546 Ep.
1100 2496 1193 2546 139,
1226 2497 1341 2546 quod
1372 2508 1586 2546 nusquam
1617 2497 1741 2547 redit,

2 2593 7 2597 .
113 2566 139 2597 8
178 2558 496 2600 Schneidewino
533 2562 642 2600 inter
683 2561 924 2601 Simonidea
962 2563 1026 2600 est
1055 2563 1282 2611 receptum.
1331 2562 1488 2600 Eodem
1524 2562 1593 2600 lib.
1628 2574 1661 2601 c.
1695 2562 1745 2601 62

3 2653 6 2655 Α
59 2618 311 2671 ‘laudatur
347 2637 412 2676 ep.
454 2626 551 2677 142,
592 2627 635 2665 in
673 2638 722 2666 ea
761 2627 920 2676 forma,
963 2638 1090 2676 quam
1131 2627 1240 2666 inter
1279 2628 1517 2676 complures
1555 2627 1743 2665 eiusdem

62 2681 428 2740 Jf‘spigrammatis
456 2692 705 2731 traditiones
733 2692 1075 2742 antiquissimam
1099 2691 1188 2742 (A')
1211 2704 1304 2730 esse
1325 2690 1563 2730 videbimus
1586 2691 1632 2742 (ἓ
1656 2691 1739 2741 60).

114 2751 174 2792 De
209 2754 382 2804 Ephoro
416 2756 545 2796 huius
574 2757 723 2807 capitis
753 2757 869 2797 fonte
896 2757 949 2797 cf.
992 2757 1307 2807 Volquardsen‚
1352 2757 1604 2797 Untersuch.
1639 2756 1744 2794 iiber

64 2821 79 2870 ᾗ»
114 2817 269 2859 Diodor
299 2820 402 2860 1868
429 2833 470 2872 p.
504 2822 577 2872 53,
610 2822 683 2872 58,
717 2822 780 2862 66.
828 2823 887 2862 De
916 2823 1089 2872 Ephoro
1120 2822 1288 2861 Diodori
1318 2824 1489 2862 auctore
1518 2822 1743 2871 praecipuo

53 2965 78 3013 ,⁵
155 2969 187 3014 ι5)
231 2965 409 3008 Eiusmodi
434 2977 557 3009 relatio
580 2980 679 3010 extat
701 2977 795 3009 inter
818 2980 956 3010 textum
981 2978 1243 3019 epigrammatis
1267 2978 1300 3009 iu
1329 2977 1510 3008 Praxitelis
1533 2976 1741 3017 Cupidinem

112 3025 252 3068 (Athen.
288 3030 360 3063 xli.
396 3030 455 3064 59¹
484 3032 520 3073 a)
555 3036 663 3075 atque
698 3033 857 3066 eiusdem
893 3034 1158 3075 epigrammatis
1193 3036 1328 3065 textum
1362 3033 1537 3064 diversum
1572 3032 1741 3064 Simonidi

112 3084 323 3119 nttributum
348 3097 423 3130 app.
450 3088 546 3122 Plan.
570 3088 636 3121 ‘204
660 3089 718 3130 (cf.
742 3087 759 3130 5
783 3088 850 3131 71).
