2072 3496
334 244 435 295 Cap.
463 243 510 283 V.
1112 240 1192 282 250

332 368 495 417 omnia,
536 379 647 418 quae
684 367 725 407 in
764 366 991 407 traditione
1027 378 1123 407 cum
1165 365 1385 407 Simonide
1418 365 1647 408 coniuncta
1671 358 1787 421 nint,
1788 399 1790 402 v

333 434 483 473 menda
513 444 607 473 esse
636 432 936 483 intellegerent.
978 432 1143 472 Etenim
1174 443 1259 472 non
1289 432 1429 472 nolum
1457 431 1541 473 iam
1571 431 1786 475 vidimus
1798 440 1809 467 2

331 500 426 539 dem
463 499 518 539 ab
553 497 931 549 Amphictyonibus
960 498 1095 537 luisse
1122 497 1372 547 invitatum,
1412 499 1462 537 ut
1488 496 1533 537 in
1561 497 1741 543 heroum
1845 520 1881 535 a«

334 564 571 616 pylensium
620 564 865 603 memoriam
911 563 1220 614 epigrammata
1256 562 1510 614 sepulcralia
1543 562 1745 604 condem
1782 555 1869 617 (fi

334 629 651 679 Simonidisque
676 628 1010 679 epigrammatici
1039 629 1197 668 lamam
1223 628 1415 679 viguisse
1431 627 1548 679 apud
1568 629 1764 680 pontem
1774 624 1874 684 (β

332 695 405 734 aed
433 694 558 734 etiam
588 693 809 744 apparebit
837 693 880 733 in
910 694 981 733 alt.
1006 693 1048 733 h.
1069 704 1221 733 comm.
1245 704 1287 744 p.
1310 692 1741 753 Thermopylenaium
1838 692 1854 703 ”’
1888 691 1890 694 ’

333 764 492 800 matum
521 761 655 800 artem
685 770 943 810 magnopere
971 762 1189 809 praestare
1215 758 1324 799 sexti
1342 759 1569 810 quintique
1585 758 1787 802 ”oculi

333 826 457 865 matie
495 824 746 875 vulgaribus
782 826 911 875 atque
948 824 1115 865 indiciis
1151 836 1176 864 a
1214 824 1442 864 traditione
1478 836 1582 865 vero
1612 835 1819 876 prorum
1875 854 1892 857 --

331 890 545 941 designari
574 902 700 941 posse
727 890 837 929 inter
864 890 1194 941 epigrammata,
1227 901 1340 940 quae
1365 890 1420 930 ad
1452 889 1654 941 Syllogen
1681 890 1712 931 S
1742 912 1760 924 ι-
1783 908 1789 924 ·
1828 882 1866 924 ·‘·v

333 955 641 1006 rettu1erimus,
690 956 997 1006 epigrammata
1040 955 1276 1005 quaedam,
1329 966 1442 1006 quae
1489 966 1756 1007 quamquam

332 1021 550 1071 antiquam
588 1020 907 1072 epigrammatis
944 1019 1232 1060 condicionem
1261 1031 1477 1071 anonyma
1506 1019 1794 1061 Conantur}-

331 1090 459 1137 atque
487 1086 705 1127 Colleetori
734 1086 814 1137 ipsi
843 1085 999 1126 tradita
1029 1085 1137 1135 sint,
1170 1088 1335 1136 tamen,
1367 1088 1415 1125 ut
1443 1085 1942 1143 Thermopylendtmae

332 1153 411 1203 ipsi
443 1152 649 1192 Simonidi
678 1151 820 1191 deberi
852 1150 974 1201 valde
1002 1151 1057 1190 sit
1085 1151 1315 1201 probabile.
1361 1151 1414 1191 In
1442 1149 1823 1203 epigrammatum
1867 1159 1885 1180 ι’

331 1217 472 1268 copia,
517 1229 628 1268 quae
667 1229 692 1257 a
735 1217 965 1257 Collectore
1006 1217 1049 1255 in
1095 1216 1296 1268 Syllogen
1340 1216 1628 1258 Simonideam
1671 1218 1858 1269 recoph

333 1283 414 1322 iam
444 1283 525 1322 tria
553 1294 709 1333 genera
738 1283 908 1322 diversa
936 1282 1114 1322 aderant
1142 1294 1225 1322 sc.:

388 1347 428 1398 1)
471 1360 566 1399 epp.
608 1360 820 1399 perpauca
855 1360 879 1388 a
912 1347 1130 1388 Simonide
1157 1348 1252 1398 ipso
1278 1347 1447 1387 condita
1478 1346 1533 1398 (e.
1565 1358 1607 1399 g.
1638 1358 1741 1399 epp.

473 1414 665 1465 pylensia
697 1411 789 1464 191,
821 1413 896 1463 92,
928 1411 1041 1464 94]);

384 1478 428 1528 2)
470 1490 566 1529 epp.
597 1479 805 1529 genuina,
838 1490 949 1528 quae
976 1478 1104 1528 lapidi
1134 1478 1307 1528 quidem
1334 1477 1563 1528 inscripta,
1595 1477 1672 1519 aed
1699 1489 1725 1518 a
1756 1483 1781 1512 ἰτ

470 1544 607 1584 aliena
634 1546 756 1584 erant
785 1543 839 1594 (e.
872 1556 913 1595 g.
945 1556 1039 1594 epp.
1073 1543 1147 1594 98,
1183 1544 1280 1594 105,
1315 1543 1413 1594 108,
1448 1542 1547 1594 134,
1580 1542 1699 1594 138);

384 1607 428 1658 3)
471 1620 565 1659 epp.
589 1608 946 1658 demonstrativa,
978 1620 1089 1658 quae
1118 1619 1171 1647 ne
1199 1607 1402 1647 marmori
1428 1607 1603 1657 quidem
1630 1607 1772 1648 incisa
1803 1655 1805 1657 a

479 1673 533 1723 (e.
566 1685 607 1724 g.
639 1685 735 1724 epp.
771 1673 868 1723 141,
904 1672 1015 1723 142).
1712 1669 1714 1671 ’

332 1738 651 1789 Epigrammata
689 1742 829 1778 autem
871 1739 1137 1789 Simonidea‚
1178 1749 1291 1788 quae
1327 1738 1465 1789 primo
1501 1737 1647 1789 generi
1682 1736 1801 1778 adim
1855 1783 1861 1788 ⁷.

332 1803 433 1843 mihi
472 1803 671 1843 videntur
707 1807 874 1854 praeter
902 1804 983 1843 tria
1011 1815 1106 1854 epp.
1138 1803 1541 1855 Thermopylensia,
1582 1804 1686 1843 suut
1712 1802 1841 1845 odo
1855 1800 1867 1851 s

331 1879 425 1919 epp.
459 1869 539 1908 tria
576 1881 628 1908 ex
665 1869 947 1909 Corinthiacis
987 1868 1057 1919 (96
1094 1869 1139 1908 in
1176 1869 1315 1909 forma
1352 1868 1429 1919 ΑΙ,
1469 1868 1522 1908 97
1558 1868 1603 1907 ἰιι
1641 1867 1782 1909 anina
1809 1886 1829 1901 ε·

331 1933 516 1984 ambitu,
569 1934 644 1973 137
680 1934 724 1973 in
762 1935 899 1974 forma
937 1934 1010 1985 A),
1052 1947 1117 1985 ep.
1160 1934 1431 1986 Tegeaticum
1471 1933 1571 1984 102,
1610 1944 1679 1984 ep.
1719 1933 1802 1974 H

334 1998 409 2038 107
440 1998 501 2049 (in
530 2000 666 2045 forma
695 2000 746 2039 A·
778 2000 908 2039 unius
935 2000 1127 2050 distichi,
1159 1999 1213 2040 cl.
1246 1998 1275 2051 ξ
1302 1999 1379 2040 137
1399 2010 1442 2039 ιι.
1465 1997 1534 2049 8),
1565 2009 1660 2050 epp.
1683 1998 1806 2055 duo

331 2063 375 2103 in
407 2063 637 2104 Simonidis
665 2064 801 2115 ipsius
831 2065 1030 2104 victorias
1057 2065 1239 2116 cyclicas
1269 2064 1345 2104 145
1372 2066 1415 2104 et
1445 2063 1534 2114 147,
1568 2075 1636 2115 ep.
1662 2063 1708 2104 ἰιι
1784 2084 1787 2097 ·
1835 2084 1840 2097 ·

332 2130 452 2179 pueri
480 2129 705 2180 Aeginetae
733 2130 952 2170 victoriam
984 2131 1071 2170 149.
