<?xml version="1.0" encoding="UTF-8"?>
<!DOCTYPE html PUBLIC "-//W3C//DTD XHTML 1.0 Transitional//EN"
    "http://www.w3.org/TR/xhtml1/DTD/xhtml1-transitional.dtd">
<html xmlns="http://www.w3.org/1999/xhtml" xml:lang="en" lang="en">
 <head>
  <title>
</title>
<meta http-equiv="Content-Type" content="text/html;charset=utf-8" />
  <meta name='ocr-system' content='tesseract 3.04.00' />
  <meta name='ocr-capabilities' content='ocr_page ocr_carea ocr_par ocr_line ocrx_word'/>
</head>
<body>
  <div class='ocr_page' id='page_1' title='image "./deepigrammatasim00boasuoft_0062.png"; bbox 0 0 2072 3568; ppageno 0'>
   <div class='ocr_carea' id='block_1_1' title="bbox 2023 0 2072 95">
    <p class='ocr_par' dir='ltr' id='par_1_1' title="bbox 2023 0 2072 95">
     <span class='ocr_line' id='line_1_1' title="bbox 2023 0 2072 95; baseline 0 3473"><span class='ocrx_word' id='word_1_1' title='bbox 2023 0 2072 95; x_wconf 95' lang='lat' dir='ltr'> </span> 
     </span>
    </p>
   </div>
   <div class='ocr_carea' id='block_1_2' title="bbox 393 301 1233 355">
    <p class='ocr_par' dir='ltr' id='par_1_2' title="bbox 393 301 1233 355">
     <span class='ocr_line' id='line_1_2' title="bbox 393 301 1233 355; baseline -0.002 -13"><span class='ocrx_word' id='word_1_2' title='bbox 393 305 493 355; x_wconf 79' lang='lat' dir='ltr'>Cap.</span> <span class='ocrx_word' id='word_1_3' title='bbox 530 305 585 343; x_wconf 87' lang='grc' dir='ltr'>ΙΙ.</span> <span class='ocrx_word' id='word_1_4' title='bbox 1180 301 1233 341; x_wconf 72' lang='grc'>40</span> 
     </span>
    </p>
   </div>
   <div class='ocr_carea' id='block_1_3' title="bbox 389 424 2072 2835">
    <p class='ocr_par' dir='ltr' id='par_1_3' title="bbox 389 424 2055 2170">
     <span class='ocr_line' id='line_1_3' title="bbox 447 424 2031 479; baseline -0.001 -10"><span class='ocrx_word' id='word_1_5' title='bbox 447 430 549 469; x_wconf 77' lang='lat' dir='ltr'>Eam</span> <span class='ocrx_word' id='word_1_6' title='bbox 589 429 828 479; x_wconf 80' lang='lat' dir='ltr'>opinionem</span> <span class='ocrx_word' id='word_1_7' title='bbox 868 429 993 467; x_wconf 83' lang='lat' dir='ltr'>etiam</span> <span class='ocrx_word' id='word_1_8' title='bbox 1031 431 1235 478; x_wconf 87' lang='lat' dir='ltr'>quattuor</span> <span class='ocrx_word' id='word_1_9' title='bbox 1274 427 1361 466; x_wconf 73' lang='lat' dir='ltr'>tere</span> <span class='ocrx_word' id='word_1_10' title='bbox 1389 426 1538 465; x_wconf 84' lang='lat' dir='ltr'>lustris</span> <span class='ocrx_word' id='word_1_11' title='bbox 1567 428 1662 476; x_wconf 73' lang='lat' dir='ltr'>post</span> <span class='ocrx_word' id='word_1_12' title='bbox 1694 424 1837 465; x_wconf 79' lang='lat' dir='ltr'>Kaibel</span> <span class='ocrx_word' id='word_1_13' title='bbox 1865 427 2031 467; x_wconf 68' lang='lat' dir='ltr'>tutatus</span> 
     </span>
     <span class='ocr_line' id='line_1_4' title="bbox 390 489 2032 544; baseline -0.001 -10"><span class='ocrx_word' id='word_1_14' title='bbox 390 498 453 534; x_wconf 82' lang='lat' dir='ltr'>est</span> <span class='ocrx_word' id='word_1_15' title='bbox 475 495 525 544; x_wconf 71' lang='lat'>³⁵).</span> <span class='ocrx_word' id='word_1_16' title='bbox 568 495 837 544; x_wconf 81' lang='lat' dir='ltr'><strong>Quamquam</strong></span> <span class='ocrx_word' id='word_1_17' title='bbox 868 506 964 533; x_wconf 88' lang='lat' dir='ltr'>cum</span> <span class='ocrx_word' id='word_1_18' title='bbox 996 505 1080 533; x_wconf 89' lang='lat' dir='ltr'>non</span> <span class='ocrx_word' id='word_1_19' title='bbox 1111 492 1287 532; x_wconf 85' lang='lat' dir='ltr'>latuisse</span> <span class='ocrx_word' id='word_1_20' title='bbox 1317 491 1506 541; x_wconf 84' lang='lat' dir='ltr'>videtur,</span> <span class='ocrx_word' id='word_1_21' title='bbox 1539 490 1642 541; x_wconf 85' lang='lat' dir='ltr'>quid</span> <span class='ocrx_word' id='word_1_22' title='bbox 1672 490 1771 530; x_wconf 86' lang='lat' dir='ltr'>huic</span> <span class='ocrx_word' id='word_1_23' title='bbox 1797 489 2032 532; x_wconf 64' lang='lat' dir='ltr'>mianum</span> 
     </span>
     <span class='ocr_line' id='line_1_5' title="bbox 390 555 2031 609; baseline 0 -12"><span class='ocrx_word' id='word_1_24' title='bbox 390 561 590 599; x_wconf 84' lang='lat' dir='ltr'>obstaret.</span> <span class='ocrx_word' id='word_1_25' title='bbox 633 559 754 605; x_wconf 88' lang='lat' dir='ltr'>Quae</span> <span class='ocrx_word' id='word_1_26' title='bbox 780 559 892 599; x_wconf 89' lang='lat' dir='ltr'>enim</span> <span class='ocrx_word' id='word_1_27' title='bbox 923 558 1214 609; x_wconf 75' lang='lat' dir='ltr'>Thucydidem</span> <span class='ocrx_word' id='word_1_28' title='bbox 1245 558 1354 597; x_wconf 89' lang='lat' dir='ltr'>inter</span> <span class='ocrx_word' id='word_1_29' title='bbox 1381 561 1421 596; x_wconf 89' lang='lat' dir='ltr'>et</span> <span class='ocrx_word' id='word_1_30' title='bbox 1452 556 1716 596; x_wconf 76' lang='lat' dir='ltr'>Aristotelem</span> <span class='ocrx_word' id='word_1_31' title='bbox 1745 557 1862 596; x_wconf 82' lang='lat' dir='ltr'>extat</span> <span class='ocrx_word' id='word_1_32' title='bbox 1887 555 2031 597; x_wconf 81' lang='lat' dir='ltr'>condi·</span> 
     </span>
     <span class='ocr_line' id='line_1_6' title="bbox 390 619 2031 675; baseline -0.001 -11"><span class='ocrx_word' id='word_1_33' title='bbox 390 626 476 675; x_wconf 78' lang='lat' dir='ltr'>cio,</span> <span class='ocrx_word' id='word_1_34' title='bbox 517 637 564 665; x_wconf 89' lang='lat' dir='ltr'>ea</span> <span class='ocrx_word' id='word_1_35' title='bbox 602 625 743 664; x_wconf 89' lang='lat' dir='ltr'>denuo</span> <span class='ocrx_word' id='word_1_36' title='bbox 780 625 900 664; x_wconf 81' lang='lat' dir='ltr'>adest</span> <span class='ocrx_word' id='word_1_37' title='bbox 938 625 1047 663; x_wconf 90' lang='lat' dir='ltr'>inter</span> <span class='ocrx_word' id='word_1_38' title='bbox 1078 623 1259 663; x_wconf 91' lang='lat' dir='ltr'>eundem</span> <span class='ocrx_word' id='word_1_39' title='bbox 1290 623 1428 662; x_wconf 90' lang='lat' dir='ltr'>locum</span> <span class='ocrx_word' id='word_1_40' title='bbox 1460 621 1755 662; x_wconf 82' lang='lat' dir='ltr'>Aristoteleum</span> <span class='ocrx_word' id='word_1_41' title='bbox 1783 623 1826 662; x_wconf 80' lang='lat' dir='ltr'>et</span> <span class='ocrx_word' id='word_1_42' title='bbox 1852 619 2031 663; x_wconf 69' lang='lat' dir='ltr'>Aristo-</span> 
     </span>
     <span class='ocr_line' id='line_1_7' title="bbox 389 686 2027 742; baseline -0.001 -12"><span class='ocrx_word' id='word_1_43' title='bbox 389 689 562 742; x_wconf 67' lang='lat' dir='ltr'>phanis</span> <span class='ocrx_word' id='word_1_44' title='bbox 588 688 803 741; x_wconf 77' lang='lat' dir='ltr'><em>Byzantii</em></span> <span class='ocrx_word' id='word_1_45' title='bbox 828 690 942 729; x_wconf 86' lang='lat' dir='ltr'>vocis</span> <span class='ocrx_word' id='word_1_46' title='bbox 966 687 1111 730; x_wconf 75' lang='grc' dir='ltr'>ἄσιλλα</span> <span class='ocrx_word' id='word_1_47' title='bbox 1136 688 1449 738; x_wconf 84' lang='lat' dir='ltr'>testimonium,</span> <span class='ocrx_word' id='word_1_48' title='bbox 1482 687 1596 738; x_wconf 89' lang='lat' dir='ltr'>quod</span> <span class='ocrx_word' id='word_1_49' title='bbox 1623 686 1878 727; x_wconf 73' lang='lat' dir='ltr'>Eustathiua</span> <span class='ocrx_word' id='word_1_50' title='bbox 1902 686 2027 738; x_wconf 79' lang='lat'>1761,</span> 
     </span>
     <span class='ocr_line' id='line_1_8' title="bbox 394 750 2055 807; baseline -0.002 -11"><span class='ocrx_word' id='word_1_51' title='bbox 394 757 441 796; x_wconf 85' lang='lat'>16</span> <span class='ocrx_word' id='word_1_52' title='bbox 472 756 543 807; x_wconf 85' lang='lat' dir='ltr'>(ad</span> <span class='ocrx_word' id='word_1_53' title='bbox 573 756 597 800; x_wconf 77' lang='grc' dir='ltr'><em>ξ</em></span> <span class='ocrx_word' id='word_1_54' title='bbox 626 755 722 806; x_wconf 83' lang='lat'>350)</span> <span class='ocrx_word' id='word_1_55' title='bbox 754 768 805 794; x_wconf 91' lang='lat' dir='ltr'>ex</span> <span class='ocrx_word' id='word_1_56' title='bbox 834 754 1099 807; x_wconf 76' lang='lat' dir='ltr'>grammatici</span> <span class='ocrx_word' id='word_1_57' title='bbox 1127 752 1284 801; x_wconf 81' lang='grc' dir='ltr'><em>λέξεων</em></span> <span class='ocrx_word' id='word_1_58' title='bbox 1312 754 1407 794; x_wconf 81' lang='lat' dir='ltr'>libri</span> <span class='ocrx_word' id='word_1_59' title='bbox 1437 752 1531 805; x_wconf 80' lang='grc' dir='ltr'><strong><em>περὶ</em></strong></span> <span class='ocrx_word' id='word_1_60' title='bbox 1561 754 1645 792; x_wconf 80' lang='grc' dir='ltr'>τῶν</span> <span class='ocrx_word' id='word_1_61' title='bbox 1674 750 2055 805; x_wconf 71' lang='grc' dir='ltr'>ὑποπτευομένων,</span> 
     </span>
     <span class='ocr_line' id='line_1_9' title="bbox 390 818 2032 874; baseline -0.001 -14"><span class='ocrx_word' id='word_1_62' title='bbox 390 820 450 874; x_wconf 81' lang='grc' dir='ltr'>μὴ</span> <span class='ocrx_word' id='word_1_63' title='bbox 494 820 684 874; x_wconf 70' lang='grc' dir='ltr'>εἰρῆσθαι</span> <span class='ocrx_word' id='word_1_64' title='bbox 730 823 811 865; x_wconf 76' lang='grc' dir='ltr'><em>τοῖς</em></span> <span class='ocrx_word' id='word_1_65' title='bbox 852 819 1046 864; x_wconf 79' lang='grc' dir='ltr'><strong><em>παλαιοῖς</em></strong></span> <span class='ocrx_word' id='word_1_66' title='bbox 1079 820 1114 871; x_wconf 69' lang='grc'>4)</span> <span class='ocrx_word' id='word_1_67' title='bbox 1160 820 1361 860; x_wconf 86' lang='lat' dir='ltr'>servavit.</span> <span class='ocrx_word' id='word_1_68' title='bbox 1421 819 1669 859; x_wconf 74' lang='lat' dir='ltr'>Aristoteles</span> <span class='ocrx_word' id='word_1_69' title='bbox 1709 818 1822 859; x_wconf 78' lang='lat' dir='ltr'>enim</span> <span class='ocrx_word' id='word_1_70' title='bbox 1864 819 2032 870; x_wconf 70' lang='lat' dir='ltr'>praetor</span> 
     </span>
     <span class='ocr_line' id='line_1_10' title="bbox 394 880 1940 937; baseline -0.002 -11"><span class='ocrx_word' id='word_1_71' title='bbox 394 887 684 926; x_wconf 89' lang='lat' dir='ltr'>Simonideum</span> <span class='ocrx_word' id='word_1_72' title='bbox 717 898 888 926; x_wconf 89' lang='lat' dir='ltr'>versum</span> <span class='ocrx_word' id='word_1_73' title='bbox 917 886 1166 926; x_wconf 81' lang='lat' dir='ltr'><strong>laudaverat</strong></span> <span class='ocrx_word' id='word_1_74' title='bbox 1196 886 1485 937; x_wconf 69' lang='lat' dir='ltr'>fragmentum</span> <span class='ocrx_word' id='word_1_75' title='bbox 1514 884 1683 924; x_wconf 78' lang='lat' dir='ltr'>distichi</span> <span class='ocrx_word' id='word_1_76' title='bbox 1714 880 1899 935; x_wconf 71' lang='grc' dir='ltr'><strong>(πρόσθε</strong></span> <span class='ocrx_word' id='word_1_77' title='bbox 1928 911 1940 923; x_wconf 92' lang='grc'><strong><em>.</em></strong></span> 
     </span>
     <span class='ocr_line' id='line_1_11' title="bbox 391 948 2031 1005; baseline -0.001 -15"><span class='ocrx_word' id='word_1_78' title='bbox 391 951 602 1005; x_wconf 77' lang='grc' dir='ltr'><strong><em>τραχεῖαν)</em></strong></span> <span class='ocrx_word' id='word_1_79' title='bbox 642 973 694 979; x_wconf 90' lang='grc'>-</span> <span class='ocrx_word' id='word_1_80' title='bbox 731 952 845 1002; x_wconf 89' lang='lat' dir='ltr'>quod</span> <span class='ocrx_word' id='word_1_81' title='bbox 885 952 976 1002; x_wconf 90' lang='lat' dir='ltr'>ipse</span> <span class='ocrx_word' id='word_1_82' title='bbox 1014 951 1141 1001; x_wconf 90' lang='lat' dir='ltr'>paulo</span> <span class='ocrx_word' id='word_1_83' title='bbox 1178 952 1277 990; x_wconf 88' lang='lat' dir='ltr'>ante</span> <span class='ocrx_word' id='word_1_84' title='bbox 1315 950 1348 990; x_wconf 90' lang='lat'>1.</span> <span class='ocrx_word' id='word_1_85' title='bbox 1393 950 1428 989; x_wconf 89' lang='grc'>7.</span> <span class='ocrx_word' id='word_1_86' title='bbox 1461 949 1513 989; x_wconf 84' lang='grc'>32</span> <span class='ocrx_word' id='word_1_87' title='bbox 1550 952 1686 989; x_wconf 88' lang='lat' dir='ltr'>totum</span> <span class='ocrx_word' id='word_1_88' title='bbox 1714 948 1953 989; x_wconf 74' lang='lat' dir='ltr'>adduxerat</span> <span class='ocrx_word' id='word_1_89' title='bbox 1979 968 2031 976; x_wconf 93' lang='lat'>—</span> 
     </span>
     <span class='ocr_line' id='line_1_12' title="bbox 392 1012 2028 1070; baseline -0.002 -14"><span class='ocrx_word' id='word_1_90' title='bbox 392 1018 507 1056; x_wconf 87' lang='lat' dir='ltr'>nullo</span> <span class='ocrx_word' id='word_1_91' title='bbox 544 1019 690 1067; x_wconf 88' lang='lat' dir='ltr'>poetae</span> <span class='ocrx_word' id='word_1_92' title='bbox 729 1017 900 1056; x_wconf 92' lang='lat' dir='ltr'>nomine</span> <span class='ocrx_word' id='word_1_93' title='bbox 935 1016 1117 1065; x_wconf 85' lang='lat' dir='ltr'>adiecto;</span> <span class='ocrx_word' id='word_1_94' title='bbox 1157 1016 1273 1066; x_wconf 89' lang='lat' dir='ltr'>quod</span> <span class='ocrx_word' id='word_1_95' title='bbox 1310 1028 1360 1055; x_wconf 91' lang='lat' dir='ltr'>eo</span> <span class='ocrx_word' id='word_1_96' title='bbox 1398 1014 1535 1066; x_wconf 87' lang='lat' dir='ltr'>magis</span> <span class='ocrx_word' id='word_1_97' title='bbox 1573 1015 1616 1054; x_wconf 90' lang='lat' dir='ltr'>in</span> <span class='ocrx_word' id='word_1_98' title='bbox 1652 1013 1799 1054; x_wconf 78' lang='lat' dir='ltr'>oculos</span> <span class='ocrx_word' id='word_1_99' title='bbox 1825 1012 2028 1070; x_wconf 71' lang='lat' dir='ltr'>incurrit,</span> 
     </span>
     <span class='ocr_line' id='line_1_13' title="bbox 391 1076 2030 1133; baseline -0.002 -11"><span class='ocrx_word' id='word_1_100' title='bbox 391 1083 505 1133; x_wconf 90' lang='lat' dir='ltr'>quod</span> <span class='ocrx_word' id='word_1_101' title='bbox 545 1082 776 1122; x_wconf 82' lang='lat' dir='ltr'>Simonidis</span> <span class='ocrx_word' id='word_1_102' title='bbox 813 1094 966 1122; x_wconf 90' lang='lat' dir='ltr'>nomen</span> <span class='ocrx_word' id='word_1_103' title='bbox 998 1082 1140 1121; x_wconf 87' lang='lat' dir='ltr'>versui</span> <span class='ocrx_word' id='word_1_104' title='bbox 1171 1081 1410 1132; x_wconf 82' lang='lat' dir='ltr'>insequenti</span> <span class='ocrx_word' id='word_1_105' title='bbox 1441 1081 1665 1120; x_wconf 86' lang='lat' dir='ltr'>adiecerat.</span> <span class='ocrx_word' id='word_1_106' title='bbox 1711 1076 1967 1120; x_wconf 68' lang='lat' dir='ltr'>Enstathffin</span> <span class='ocrx_word' id='word_1_107' title='bbox 1991 1077 2030 1129; x_wconf 64' lang='grc' dir='ltr'>ὅ)</span> 
     </span>
     <span class='ocr_line' id='line_1_14' title="bbox 392 1141 2033 1201; baseline -0.002 -14"><span class='ocrx_word' id='word_1_108' title='bbox 392 1148 516 1187; x_wconf 80' lang='lat' dir='ltr'>habet</span> <span class='ocrx_word' id='word_1_109' title='bbox 559 1148 680 1187; x_wconf 84' lang='lat' dir='ltr'>haec:</span> <span class='ocrx_word' id='word_1_110' title='bbox 719 1146 1111 1201; x_wconf 75' lang='grc' dir='ltr'><em>Ἀριστοφάνης</em></span> <span class='ocrx_word' id='word_1_111' title='bbox 1154 1146 1179 1187; x_wconf 80' lang='grc' dir='ltr'>ὁ</span> <span class='ocrx_word' id='word_1_112' title='bbox 1222 1145 1515 1199; x_wconf 77' lang='grc' dir='ltr'>γραμματικὸς</span> <span class='ocrx_word' id='word_1_113' title='bbox 1556 1144 1627 1186; x_wconf 76' lang='grc' dir='ltr'>καὶ</span> <span class='ocrx_word' id='word_1_114' title='bbox 1668 1142 1797 1190; x_wconf 72' lang='grc' dir='ltr'><strong><em>ἄλλας</em></strong></span> <span class='ocrx_word' id='word_1_115' title='bbox 1829 1141 2033 1185; x_wconf 67' lang='grc' dir='ltr'>ἐκτίθεται</span> 
     </span>
     <span class='ocr_line' id='line_1_15' title="bbox 391 1205 2034 1265; baseline -0.002 -12"><span class='ocrx_word' id='word_1_116' title='bbox 391 1212 690 1265; x_wconf 68' lang='lat' dir='ltr'>›canoqt&#39;n&#39;wtc</span> <span class='ocrx_word' id='word_1_117' title='bbox 718 1212 866 1260; x_wconf 79' lang='grc' dir='ltr'><strong><em>λέξεις,</em></strong></span> <span class='ocrx_word' id='word_1_118' title='bbox 902 1212 992 1254; x_wconf 77' lang='grc' dir='ltr'>οἷοι</span> <span class='ocrx_word' id='word_1_119' title='bbox 1020 1211 1265 1259; x_wconf 80' lang='grc' dir='ltr'>ἅσιλλαν,</span> <span class='ocrx_word' id='word_1_120' title='bbox 1302 1211 1455 1257; x_wconf 83' lang='grc' dir='ltr'><strong><em>σκεῖός</em></strong></span> <span class='ocrx_word' id='word_1_121' title='bbox 1483 1226 1517 1251; x_wconf 82' lang='grc' dir='ltr'>τι</span> <span class='ocrx_word' id='word_1_122' title='bbox 1545 1208 1776 1264; x_wconf 75' lang='grc' dir='ltr'><strong><em>ῖχθυηρόν,</em></strong></span> <span class='ocrx_word' id='word_1_123' title='bbox 1804 1205 1858 1251; x_wconf 76' lang='grc' dir='ltr'>οὗ</span> <span class='ocrx_word' id='word_1_124' title='bbox 1884 1210 2034 1264; x_wconf 77' lang='grc' dir='ltr'>χρῆσις</span> 
     </span>
     <span class='ocr_line' id='line_1_16' title="bbox 390 1273 2034 1332; baseline -0.001 -14"><span class='ocrx_word' id='word_1_125' title='bbox 390 1277 505 1330; x_wconf 79' lang='grc' dir='ltr'><strong><em>παρὰ</em></strong></span> <span class='ocrx_word' id='word_1_126' title='bbox 545 1282 605 1331; x_wconf 75' lang='grc' dir='ltr'>τῶ</span> <span class='ocrx_word' id='word_1_127' title='bbox 643 1277 925 1332; x_wconf 79' lang='grc' dir='ltr'>Σιμωνίόῃ</span> <span class='ocrx_word' id='word_1_128' title='bbox 967 1279 1049 1330; x_wconf 86' lang='lat' dir='ltr'>(ep.</span> <span class='ocrx_word' id='word_1_129' title='bbox 1087 1279 1180 1330; x_wconf 89' lang='lat'>163)</span> <span class='ocrx_word' id='word_1_130' title='bbox 1220 1277 1265 1318; x_wconf 80' lang='grc' dir='ltr'>ἐν</span> <span class='ocrx_word' id='word_1_131' title='bbox 1302 1282 1363 1318; x_wconf 79' lang='grc' dir='ltr'>τῶ</span> <span class='ocrx_word' id='word_1_132' title='bbox 1400 1277 1580 1330; x_wconf 70' lang='grc' dir='ltr'><strong><em>’πρόσθε</em></strong></span> <span class='ocrx_word' id='word_1_133' title='bbox 1606 1275 1686 1330; x_wconf 75' lang='grc' dir='ltr'>μὲν</span> <span class='ocrx_word' id='word_1_134' title='bbox 1713 1274 1826 1330; x_wconf 76' lang='grc' dir='ltr'><strong><em>ἀμφ’</em></strong></span> <span class='ocrx_word' id='word_1_135' title='bbox 1851 1273 2034 1328; x_wconf 63' lang='grc' dir='ltr'>ὤμοισιν</span> 
     </span>
     <span class='ocr_line' id='line_1_17' title="bbox 391 1337 2032 1397; baseline -0.001 -14"><span class='ocrx_word' id='word_1_136' title='bbox 391 1344 503 1396; x_wconf 69' lang='grc' dir='ltr'>ἔχω)</span> <span class='ocrx_word' id='word_1_137' title='bbox 550 1347 744 1397; x_wconf 80' lang='grc' dir='ltr'><strong><em>τρηχεῖαν</em></strong></span> <span class='ocrx_word' id='word_1_138' title='bbox 789 1342 1034 1390; x_wconf 77' lang='grc' dir='ltr'>ἄσιλλαν,</span> <span class='ocrx_word' id='word_1_139' title='bbox 1085 1343 1210 1397; x_wconf 69' lang='grc' dir='ltr'><em>ἰχθῦς</em></span> <span class='ocrx_word' id='word_1_140' title='bbox 1256 1342 1302 1390; x_wconf 82' lang='grc' dir='ltr'>ἐξ</span> <span class='ocrx_word' id='word_1_141' title='bbox 1345 1342 1527 1396; x_wconf 71' lang='grc' dir='ltr'><em>Ἄργους</em></span> <span class='ocrx_word' id='word_1_142' title='bbox 1571 1342 1629 1387; x_wconf 75' lang='grc' dir='ltr'>εἰς</span> <span class='ocrx_word' id='word_1_143' title='bbox 1677 1339 1833 1396; x_wconf 75' lang='grc' dir='ltr'><strong><em>Τεγέην</em></strong></span> <span class='ocrx_word' id='word_1_144' title='bbox 1875 1337 2032 1395; x_wconf 59' lang='grc' dir='ltr'><strong><em>ἔφερέ.-</em></strong></span> 
     </span>
     <span class='ocr_line' id='line_1_18' title="bbox 391 1405 2034 1460; baseline -0.001 -12"><span class='ocrx_word' id='word_1_145' title='bbox 391 1409 696 1460; x_wconf 83' lang='lat' dir='ltr'>Aristophanes</span> <span class='ocrx_word' id='word_1_146' title='bbox 744 1410 874 1460; x_wconf 83' lang='lat' dir='ltr'>igitur</span> <span class='ocrx_word' id='word_1_147' title='bbox 919 1410 1131 1450; x_wconf 83' lang='lat' dir='ltr'>distichon</span> <span class='ocrx_word' id='word_1_148' title='bbox 1179 1412 1341 1459; x_wconf 90' lang='lat' dir='ltr'>totum,</span> <span class='ocrx_word' id='word_1_149' title='bbox 1393 1412 1440 1448; x_wconf 92' lang='lat' dir='ltr'>ut</span> <span class='ocrx_word' id='word_1_150' title='bbox 1485 1408 1732 1448; x_wconf 81' lang='lat' dir='ltr'>Aristoteles</span> <span class='ocrx_word' id='word_1_151' title='bbox 1772 1407 1865 1459; x_wconf 73' lang='lat' dir='ltr'>ipso</span> <span class='ocrx_word' id='word_1_152' title='bbox 1903 1405 2034 1459; x_wconf 74' lang='lat' dir='ltr'>paulo</span> 
     </span>
     <span class='ocr_line' id='line_1_19' title="bbox 391 1471 2033 1525; baseline -0.001 -11"><span class='ocrx_word' id='word_1_153' title='bbox 391 1477 510 1524; x_wconf 87' lang='lat' dir='ltr'>ante,</span> <span class='ocrx_word' id='word_1_154' title='bbox 553 1475 725 1525; x_wconf 86' lang='lat' dir='ltr'>praebet</span> <span class='ocrx_word' id='word_1_155' title='bbox 761 1475 889 1525; x_wconf 91' lang='lat' dir='ltr'>idque</span> <span class='ocrx_word' id='word_1_156' title='bbox 921 1475 1151 1515; x_wconf 85' lang='lat' dir='ltr'>Simonidis</span> <span class='ocrx_word' id='word_1_157' title='bbox 1180 1475 1352 1515; x_wconf 91' lang='lat' dir='ltr'>nomine</span> <span class='ocrx_word' id='word_1_158' title='bbox 1379 1475 1652 1515; x_wconf 85' lang='lat' dir='ltr'>instructum.</span> <span class='ocrx_word' id='word_1_159' title='bbox 1698 1473 1765 1513; x_wconf 79' lang='lat' dir='ltr'>Ex</span> <span class='ocrx_word' id='word_1_160' title='bbox 1792 1473 1875 1513; x_wconf 76' lang='lat' dir='ltr'>hae</span> <span class='ocrx_word' id='word_1_161' title='bbox 1898 1471 2033 1513; x_wconf 71' lang='lat' dir='ltr'>alter·</span> 
     </span>
     <span class='ocr_line' id='line_1_20' title="bbox 392 1538 2028 1596; baseline 0.001 -17"><span class='ocrx_word' id='word_1_162' title='bbox 392 1541 654 1580; x_wconf 85' lang='lat' dir='ltr'>auctoritatis</span> <span class='ocrx_word' id='word_1_163' title='bbox 701 1541 986 1596; x_wconf 82' lang='lat' dir='ltr'>discrepantia</span> <span class='ocrx_word' id='word_1_164' title='bbox 1035 1542 1180 1581; x_wconf 89' lang='lat' dir='ltr'>Kaibel</span> <span class='ocrx_word' id='word_1_165' title='bbox 1227 1542 1402 1581; x_wconf 88' lang='lat' dir='ltr'>coniecit</span> <span class='ocrx_word' id='word_1_166' title='bbox 1444 1544 1539 1592; x_wconf 88' lang='lat' dir='ltr'>post</span> <span class='ocrx_word' id='word_1_167' title='bbox 1582 1540 1767 1591; x_wconf 83' lang='lat' dir='ltr'>priorem</span> <span class='ocrx_word' id='word_1_168' title='bbox 1807 1538 2028 1591; x_wconf 66' lang='lat' dir='ltr'>syllogus,</span> 
     </span>
     <span class='ocr_line' id='line_1_21' title="bbox 391 1605 2035 1657; baseline 0 -12"><span class='ocrx_word' id='word_1_169' title='bbox 391 1619 520 1656; x_wconf 87' lang='lat' dir='ltr'>quam</span> <span class='ocrx_word' id='word_1_170' title='bbox 551 1609 648 1646; x_wconf 89' lang='lat' dir='ltr'>ante</span> <span class='ocrx_word' id='word_1_171' title='bbox 676 1607 942 1647; x_wconf 86' lang='lat' dir='ltr'>Aristotelem</span> <span class='ocrx_word' id='word_1_172' title='bbox 971 1607 1267 1647; x_wconf 86' lang='lat' dir='ltr'>concinnatam</span> <span class='ocrx_word' id='word_1_173' title='bbox 1298 1607 1432 1647; x_wconf 79' lang='lat' dir='ltr'>fuisse</span> <span class='ocrx_word' id='word_1_174' title='bbox 1460 1608 1707 1657; x_wconf 86' lang='lat' dir='ltr'>censuerat,</span> <span class='ocrx_word' id='word_1_175' title='bbox 1738 1605 1917 1646; x_wconf 71' lang='lat' dir='ltr'>alteram</span> <span class='ocrx_word' id='word_1_176' title='bbox 1937 1614 2035 1645; x_wconf 64' lang='lat' dir='ltr'>mae</span> 
     </span>
     <span class='ocr_line' id='line_1_22' title="bbox 393 1669 2034 1723; baseline 0.001 -13"><span class='ocrx_word' id='word_1_177' title='bbox 393 1673 696 1722; x_wconf 85' lang='lat' dir='ltr'>compositam,</span> <span class='ocrx_word' id='word_1_178' title='bbox 741 1685 826 1722; x_wconf 92' lang='lat' dir='ltr'>qua</span> <span class='ocrx_word' id='word_1_179' title='bbox 869 1673 1175 1723; x_wconf 85' lang='lat' dir='ltr'>Aristophanes</span> <span class='ocrx_word' id='word_1_180' title='bbox 1219 1685 1327 1712; x_wconf 89' lang='lat' dir='ltr'>usus</span> <span class='ocrx_word' id='word_1_181' title='bbox 1368 1674 1494 1712; x_wconf 89' lang='lat' dir='ltr'>esset.</span> <span class='ocrx_word' id='word_1_182' title='bbox 1545 1670 1807 1712; x_wconf 76' lang='lat' dir='ltr'>Recentioris</span> <span class='ocrx_word' id='word_1_183' title='bbox 1846 1669 2034 1723; x_wconf 70' lang='lat' dir='ltr'>syllossoe</span> 
     </span>
     <span class='ocr_line' id='line_1_23' title="bbox 391 1736 2035 1790; baseline 0.001 -15"><span class='ocrx_word' id='word_1_184' title='bbox 391 1737 592 1776; x_wconf 87' lang='lat' dir='ltr'>editorem</span> <span class='ocrx_word' id='word_1_185' title='bbox 633 1750 767 1777; x_wconf 91' lang='lat' dir='ltr'>unum</span> <span class='ocrx_word' id='word_1_186' title='bbox 805 1751 855 1778; x_wconf 86' lang='lat' dir='ltr'>ex</span> <span class='ocrx_word' id='word_1_187' title='bbox 895 1739 1192 1778; x_wconf 83' lang='lat' dir='ltr'>Alexandrinis</span> <span class='ocrx_word' id='word_1_188' title='bbox 1226 1739 1516 1790; x_wconf 88' lang='lat' dir='ltr'>grammaticis</span> <span class='ocrx_word' id='word_1_189' title='bbox 1544 1738 1680 1778; x_wconf 73' lang='lat' dir='ltr'>fuisse</span> <span class='ocrx_word' id='word_1_190' title='bbox 1706 1736 1941 1778; x_wconf 72' lang='lat' dir='ltr'>arbitratus</span> <span class='ocrx_word' id='word_1_191' title='bbox 1966 1737 2035 1777; x_wconf 75' lang='lat' dir='ltr'>est</span> 
     </span>
     <span class='ocr_line' id='line_1_24' title="bbox 392 1800 2033 1854; baseline 0.001 -14"><span class='ocrx_word' id='word_1_192' title='bbox 392 1802 752 1853; x_wconf 86' lang='lat' dir='ltr'>cogitandumque</span> <span class='ocrx_word' id='word_1_193' title='bbox 794 1804 830 1842; x_wconf 89' lang='lat' dir='ltr'>ei</span> <span class='ocrx_word' id='word_1_194' title='bbox 875 1803 1014 1842; x_wconf 91' lang='lat' dir='ltr'>visum</span> <span class='ocrx_word' id='word_1_195' title='bbox 1058 1806 1122 1843; x_wconf 88' lang='lat' dir='ltr'>est</span> <span class='ocrx_word' id='word_1_196' title='bbox 1164 1804 1217 1844; x_wconf 90' lang='lat' dir='ltr'>de</span> <span class='ocrx_word' id='word_1_197' title='bbox 1257 1816 1328 1853; x_wconf 89' lang='lat' dir='ltr'>eo,</span> <span class='ocrx_word' id='word_1_198' title='bbox 1375 1804 1499 1843; x_wconf 87' lang='lat' dir='ltr'>cuius</span> <span class='ocrx_word' id='word_1_199' title='bbox 1534 1814 1691 1854; x_wconf 86' lang='lat' dir='ltr'>operae</span> <span class='ocrx_word' id='word_1_200' title='bbox 1725 1800 2033 1853; x_wconf 76' lang='lat' dir='ltr'>Aristophanes</span> 
     </span>
     <span class='ocr_line' id='line_1_25' title="bbox 393 1865 2033 1919; baseline 0.001 -14"><span class='ocrx_word' id='word_1_201' title='bbox 393 1867 471 1906; x_wconf 83' lang='lat' dir='ltr'>ruit</span> <span class='ocrx_word' id='word_1_202' title='bbox 509 1868 811 1918; x_wconf 73' lang='lat' dir='ltr'>amplificator,</span> <span class='ocrx_word' id='word_1_203' title='bbox 854 1881 911 1908; x_wconf 86' lang='lat' dir='ltr'>sc.</span> <span class='ocrx_word' id='word_1_204' title='bbox 954 1869 1007 1908; x_wconf 88' lang='lat' dir='ltr'>de</span> <span class='ocrx_word' id='word_1_205' title='bbox 1044 1869 1316 1910; x_wconf 85' lang='lat' dir='ltr'>Callimacho.</span> <span class='ocrx_word' id='word_1_206' title='bbox 1363 1868 1488 1914; x_wconf 88' lang='lat' dir='ltr'>Quod</span> <span class='ocrx_word' id='word_1_207' title='bbox 1526 1870 1668 1908; x_wconf 86' lang='lat' dir='ltr'>autem</span> <span class='ocrx_word' id='word_1_208' title='bbox 1706 1868 1751 1908; x_wconf 81' lang='lat' dir='ltr'>in</span> <span class='ocrx_word' id='word_1_209' title='bbox 1778 1877 1829 1908; x_wconf 81' lang='lat' dir='ltr'>ea</span> <span class='ocrx_word' id='word_1_210' title='bbox 1854 1877 1922 1919; x_wconf 80' lang='lat' dir='ltr'>ep.</span> <span class='ocrx_word' id='word_1_211' title='bbox 1955 1865 2033 1908; x_wconf 73' lang='lat'>1⁶8</span> 
     </span>
     <span class='ocr_line' id='line_1_26' title="bbox 395 1930 2032 1985; baseline 0.002 -15"><span class='ocrx_word' id='word_1_212' title='bbox 395 1931 649 1972; x_wconf 90' lang='lat' dir='ltr'>Simonideis</span> <span class='ocrx_word' id='word_1_213' title='bbox 686 1934 943 1973; x_wconf 87' lang='lat' dir='ltr'>accensitum</span> <span class='ocrx_word' id='word_1_214' title='bbox 979 1936 1091 1983; x_wconf 86' lang='lat' dir='ltr'>erat,</span> <span class='ocrx_word' id='word_1_215' title='bbox 1135 1946 1232 1974; x_wconf 90' lang='lat' dir='ltr'>cum</span> <span class='ocrx_word' id='word_1_216' title='bbox 1262 1946 1347 1973; x_wconf 90' lang='lat' dir='ltr'>non</span> <span class='ocrx_word' id='word_1_217' title='bbox 1376 1934 1588 1985; x_wconf 86' lang='lat' dir='ltr'>legeretur</span> <span class='ocrx_word' id='word_1_218' title='bbox 1615 1933 1659 1973; x_wconf 90' lang='lat' dir='ltr'>in</span> <span class='ocrx_word' id='word_1_219' title='bbox 1689 1931 1923 1974; x_wconf 75' lang='lat' dir='ltr'>vetustiore</span> <span class='ocrx_word' id='word_1_220' title='bbox 1946 1930 2032 1983; x_wconf 73' lang='lat' dir='ltr'>epi·</span> 
     </span>
     <span class='ocr_line' id='line_1_27' title="bbox 392 1996 2033 2051; baseline 0.001 -15"><span class='ocrx_word' id='word_1_221' title='bbox 392 2000 678 2047; x_wconf 88' lang='lat' dir='ltr'>grammatum</span> <span class='ocrx_word' id='word_1_222' title='bbox 723 1998 1065 2038; x_wconf 90' lang='lat' dir='ltr'>Simonideorum</span> <span class='ocrx_word' id='word_1_223' title='bbox 1108 1999 1356 2050; x_wconf 82' lang='lat' dir='ltr'>corollario,</span> <span class='ocrx_word' id='word_1_224' title='bbox 1407 1999 1506 2038; x_wconf 89' lang='lat' dir='ltr'>inde</span> <span class='ocrx_word' id='word_1_225' title='bbox 1548 1998 1824 2050; x_wconf 82' lang='lat' dir='ltr'>repetendum</span> <span class='ocrx_word' id='word_1_226' title='bbox 1864 1996 2033 2051; x_wconf 72' lang='lat' dir='ltr'>putavit</span> 
     </span>
     <span class='ocr_line' id='line_1_28' title="bbox 392 2061 2034 2116; baseline 0.001 -15"><span class='ocrx_word' id='word_1_227' title='bbox 392 2074 431 2101; x_wconf 90' lang='lat' dir='ltr'>v.</span> <span class='ocrx_word' id='word_1_228' title='bbox 439 2075 473 2102; x_wconf 89' lang='lat' dir='ltr'>c.</span> <span class='ocrx_word' id='word_1_229' title='bbox 490 2063 648 2113; x_wconf 90' lang='lat' dir='ltr'>,quod</span> <span class='ocrx_word' id='word_1_230' title='bbox 682 2063 981 2104; x_wconf 86' lang='lat' dir='ltr'>‘Callimachus</span> <span class='ocrx_word' id='word_1_231' title='bbox 1011 2077 1095 2104; x_wconf 92' lang='lat' dir='ltr'>non</span> <span class='ocrx_word' id='word_1_232' title='bbox 1125 2076 1174 2104; x_wconf 89' lang='lat' dir='ltr'>ea</span> <span class='ocrx_word' id='word_1_233' title='bbox 1203 2067 1392 2115; x_wconf 89' lang='lat' dir='ltr'>tantum,</span> <span class='ocrx_word' id='word_1_234' title='bbox 1425 2076 1537 2114; x_wconf 88' lang='lat' dir='ltr'>quae</span> <span class='ocrx_word' id='word_1_235' title='bbox 1563 2064 1619 2104; x_wconf 88' lang='lat' dir='ltr'>ab</span> <span class='ocrx_word' id='word_1_236' title='bbox 1645 2063 1762 2104; x_wconf 89' lang='lat' dir='ltr'>omni</span> <span class='ocrx_word' id='word_1_237' title='bbox 1789 2061 2034 2116; x_wconf 69' lang='lat' dir='ltr'>suspicione</span> 
     </span>
     <span class='ocr_line' id='line_1_29' title="bbox 391 2128 1599 2179; baseline 0.003 -13"><span class='ocrx_word' id='word_1_238' title='bbox 391 2128 522 2167; x_wconf 91' lang='lat' dir='ltr'>libera</span> <span class='ocrx_word' id='word_1_239' title='bbox 551 2131 715 2179; x_wconf 88' lang='lat' dir='ltr'>essent,</span> <span class='ocrx_word' id='word_1_240' title='bbox 754 2130 796 2169; x_wconf 91' lang='lat' dir='ltr'>in</span> <span class='ocrx_word' id='word_1_241' title='bbox 827 2130 996 2170; x_wconf 90' lang='lat' dir='ltr'>tabulas</span> <span class='ocrx_word' id='word_1_242' title='bbox 1025 2142 1128 2170; x_wconf 87' lang='lat' dir='ltr'>suas</span> <span class='ocrx_word' id='word_1_243' title='bbox 1157 2130 1372 2170; x_wconf 89' lang='lat' dir='ltr'>rettulisse</span> <span class='ocrx_word' id='word_1_244' title='bbox 1399 2128 1599 2169; x_wconf 87' lang='lat' dir='ltr'>videtur’.</span> 
     </span>
    </p>

    <p class='ocr_par' dir='ltr' id='par_1_4' title="bbox 392 2193 2072 2837">
     <span class='ocr_line' id='line_1_30' title="bbox 446 2193 2029 2247; baseline 0.002 -15"><span class='ocrx_word' id='word_1_245' title='bbox 446 2194 716 2234; x_wconf 84' lang='lat' dir='ltr'>Kaibelianae</span> <span class='ocrx_word' id='word_1_246' title='bbox 740 2196 1121 2246; x_wconf 86' lang='lat' dir='ltr'>circumscriptioni</span> <span class='ocrx_word' id='word_1_247' title='bbox 1147 2196 1297 2235; x_wconf 87' lang='lat' dir='ltr'>aetatis</span> <span class='ocrx_word' id='word_1_248' title='bbox 1321 2195 1515 2246; x_wconf 79' lang='lat' dir='ltr'>Sylloges</span> <span class='ocrx_word' id='word_1_249' title='bbox 1537 2196 1616 2235; x_wconf 90' lang='lat' dir='ltr'>hoc</span> <span class='ocrx_word' id='word_1_250' title='bbox 1637 2194 1847 2247; x_wconf 75' lang='lat' dir='ltr'>imprimis</span> <span class='ocrx_word' id='word_1_251' title='bbox 1865 2193 2029 2245; x_wconf 71' lang='lat' dir='ltr'>obstat,</span> 
     </span>
     <span class='ocr_line' id='line_1_31' title="bbox 392 2251 2032 2312; baseline 0.002 -15"><span class='ocrx_word' id='word_1_252' title='bbox 392 2259 506 2308; x_wconf 88' lang='lat' dir='ltr'>quod</span> <span class='ocrx_word' id='word_1_253' title='bbox 551 2258 671 2300; x_wconf 77' lang='lat' dir='ltr'>duas</span> <span class='ocrx_word' id='word_1_254' title='bbox 712 2261 899 2312; x_wconf 83' lang='lat' dir='ltr'>synogas</span> <span class='ocrx_word' id='word_1_255' title='bbox 914 2291 924 2310; x_wconf 88' lang='lat'>,</span> <span class='ocrx_word' id='word_1_256' title='bbox 970 2261 1147 2301; x_wconf 87' lang='lat' dir='ltr'>alteram</span> <span class='ocrx_word' id='word_1_257' title='bbox 1190 2261 1464 2300; x_wconf 86' lang='lat' dir='ltr'>vetustiorem</span> <span class='ocrx_word' id='word_1_258' title='bbox 1481 2291 1492 2311; x_wconf 84' lang='lat'>,</span> <span class='ocrx_word' id='word_1_259' title='bbox 1539 2260 1813 2300; x_wconf 79' lang='lat' dir='ltr'>recentiorem</span> <span class='ocrx_word' id='word_1_260' title='bbox 1853 2251 2032 2300; x_wconf 67' lang='lat' dir='ltr'>alteram</span> 
     </span>
     <span class='ocr_line' id='line_1_32' title="bbox 392 2323 2069 2377; baseline 0.002 -15"><span class='ocrx_word' id='word_1_261' title='bbox 392 2325 648 2364; x_wconf 84' lang='lat' dir='ltr'>constituere</span> <span class='ocrx_word' id='word_1_262' title='bbox 685 2326 872 2377; x_wconf 88' lang='lat' dir='ltr'>cogitur,</span> <span class='ocrx_word' id='word_1_263' title='bbox 914 2328 962 2366; x_wconf 88' lang='lat' dir='ltr'>ut</span> <span class='ocrx_word' id='word_1_264' title='bbox 989 2326 1273 2376; x_wconf 85' lang='lat' dir='ltr'>demonstret,</span> <span class='ocrx_word' id='word_1_265' title='bbox 1314 2338 1401 2376; x_wconf 88' lang='lat' dir='ltr'>quo</span> <span class='ocrx_word' id='word_1_266' title='bbox 1429 2329 1619 2376; x_wconf 89' lang='lat' dir='ltr'>tempore</span> <span class='ocrx_word' id='word_1_267' title='bbox 1645 2325 1832 2376; x_wconf 84' lang='lat' dir='ltr'>primum</span> <span class='ocrx_word' id='word_1_268' title='bbox 1860 2323 2032 2365; x_wconf 62' lang='lat' dir='ltr'>eonem</span> <span class='ocrx_word' id='word_1_269' title='bbox 2064 2355 2069 2358; x_wconf 51' lang='lat'><strong>&lt;</strong></span> 
     </span>
     <span class='ocr_line' id='line_1_33' title="bbox 393 2380 2062 2442; baseline 0.002 -15"><span class='ocrx_word' id='word_1_270' title='bbox 393 2389 477 2427; x_wconf 85' lang='lat' dir='ltr'>sint</span> <span class='ocrx_word' id='word_1_271' title='bbox 496 2389 822 2441; x_wconf 88' lang='lat' dir='ltr'>epigrammata,</span> <span class='ocrx_word' id='word_1_272' title='bbox 847 2404 958 2442; x_wconf 88' lang='lat' dir='ltr'>quae</span> <span class='ocrx_word' id='word_1_273' title='bbox 981 2391 1212 2431; x_wconf 89' lang='lat' dir='ltr'>Simonidis</span> <span class='ocrx_word' id='word_1_274' title='bbox 1231 2403 1327 2431; x_wconf 84' lang='lat' dir='ltr'>esse</span> <span class='ocrx_word' id='word_1_275' title='bbox 1347 2391 1615 2431; x_wconf 89' lang='lat' dir='ltr'>videbantur.</span> <span class='ocrx_word' id='word_1_276' title='bbox 1650 2391 1874 2431; x_wconf 76' lang='lat' dir='ltr'>Praeterea</span> <span class='ocrx_word' id='word_1_277' title='bbox 1890 2388 2032 2442; x_wconf 70' lang='lat' dir='ltr'>qualis</span> <span class='ocrx_word' id='word_1_278' title='bbox 2060 2380 2062 2382; x_wconf 13' lang='lat' dir='ltr'>V</span> 
     </span>
     <span class='ocr_line' id='line_1_34' title="bbox 392 2454 2038 2508; baseline 0.002 -16"><span class='ocrx_word' id='word_1_279' title='bbox 392 2454 581 2493; x_wconf 88' lang='lat' dir='ltr'>condicio</span> <span class='ocrx_word' id='word_1_280' title='bbox 618 2456 727 2494; x_wconf 89' lang='lat' dir='ltr'>inter</span> <span class='ocrx_word' id='word_1_281' title='bbox 765 2457 947 2506; x_wconf 88' lang='lat' dir='ltr'>priorem</span> <span class='ocrx_word' id='word_1_282' title='bbox 986 2460 1115 2507; x_wconf 88' lang='lat' dir='ltr'>atque</span> <span class='ocrx_word' id='word_1_283' title='bbox 1152 2457 1428 2507; x_wconf 89' lang='lat' dir='ltr'>posteriorem</span> <span class='ocrx_word' id='word_1_284' title='bbox 1463 2457 1655 2508; x_wconf 82' lang='lat' dir='ltr'>syllogen</span> <span class='ocrx_word' id='word_1_285' title='bbox 1684 2455 1911 2508; x_wconf 77' lang='lat' dir='ltr'>cogitanda</span> <span class='ocrx_word' id='word_1_286' title='bbox 1935 2460 2038 2496; x_wconf 70' lang='lat' dir='ltr'>ease·</span> 
     </span>
     <span class='ocr_line' id='line_1_35' title="bbox 394 2519 2072 2572; baseline 0.002 -15"><span class='ocrx_word' id='word_1_287' title='bbox 394 2519 594 2559; x_wconf 74' lang='lat' dir='ltr'>videtur?</span> <span class='ocrx_word' id='word_1_288' title='bbox 645 2521 789 2571; x_wconf 85' lang='lat' dir='ltr'>Siquis</span> <span class='ocrx_word' id='word_1_289' title='bbox 830 2522 970 2572; x_wconf 92' lang='lat' dir='ltr'>enim,</span> <span class='ocrx_word' id='word_1_290' title='bbox 1017 2524 1244 2572; x_wconf 86' lang='lat' dir='ltr'>postquam</span> <span class='ocrx_word' id='word_1_291' title='bbox 1286 2522 1428 2572; x_wconf 91' lang='lat' dir='ltr'>aliqua</span> <span class='ocrx_word' id='word_1_292' title='bbox 1471 2522 1635 2562; x_wconf 80' lang='lat' dir='ltr'>ratione</span> <span class='ocrx_word' id='word_1_293' title='bbox 1675 2521 1805 2562; x_wconf 69' lang='lat' dir='ltr'>semd</span> <span class='ocrx_word' id='word_1_294' title='bbox 1844 2520 2032 2563; x_wconf 68' lang='lat' dir='ltr'>collectio</span> <span class='ocrx_word' id='word_1_295' title='bbox 2070 2569 2072 2571; x_wconf 20' lang='lat'><strong><em>¹</em></strong></span> 
     </span>
     <span class='ocr_line' id='line_1_36' title="bbox 392 2584 2030 2638; baseline 0.003 -16"><span class='ocrx_word' id='word_1_296' title='bbox 392 2584 746 2634; x_wconf 85' lang='lat' dir='ltr'>epigrammatum</span> <span class='ocrx_word' id='word_1_297' title='bbox 771 2587 881 2626; x_wconf 88' lang='lat' dir='ltr'>facta</span> <span class='ocrx_word' id='word_1_298' title='bbox 905 2590 969 2626; x_wconf 86' lang='lat' dir='ltr'>est</span> <span class='ocrx_word' id='word_1_299' title='bbox 993 2590 1122 2637; x_wconf 87' lang='lat' dir='ltr'>atque</span> <span class='ocrx_word' id='word_1_300' title='bbox 1147 2588 1319 2638; x_wconf 86' lang='lat' dir='ltr'>Sylloge</span> <span class='ocrx_word' id='word_1_301' title='bbox 1346 2587 1588 2627; x_wconf 86' lang='lat' dir='ltr'>Simonidea</span> <span class='ocrx_word' id='word_1_302' title='bbox 1612 2587 1842 2638; x_wconf 83' lang='lat' dir='ltr'>adornata,</span> <span class='ocrx_word' id='word_1_303' title='bbox 1873 2596 2030 2628; x_wconf 80' lang='lat' dir='ltr'>novam</span> 
     </span>
     <span class='ocr_line' id='line_1_37' title="bbox 393 2642 2072 2703; baseline 0.004 -17"><span class='ocrx_word' id='word_1_304' title='bbox 393 2660 640 2699; x_wconf 84' lang='lat' dir='ltr'>comparare</span> <span class='ocrx_word' id='word_1_305' title='bbox 675 2654 847 2700; x_wconf 88' lang='lat' dir='ltr'>cuperet</span> <span class='ocrx_word' id='word_1_306' title='bbox 884 2652 1132 2702; x_wconf 88' lang='lat' dir='ltr'>editionem,</span> <span class='ocrx_word' id='word_1_307' title='bbox 1174 2652 1210 2691; x_wconf 89' lang='lat' dir='ltr'>ei</span> <span class='ocrx_word' id='word_1_308' title='bbox 1239 2655 1314 2691; x_wconf 89' lang='lat' dir='ltr'>aut</span> <span class='ocrx_word' id='word_1_309' title='bbox 1342 2652 1411 2691; x_wconf 91' lang='lat' dir='ltr'>illa</span> <span class='ocrx_word' id='word_1_310' title='bbox 1443 2652 1617 2703; x_wconf 81' lang='lat' dir='ltr'>Sylloge</span> <span class='ocrx_word' id='word_1_311' title='bbox 1644 2650 1887 2693; x_wconf 80' lang='lat' dir='ltr'>adhibenda</span> <span class='ocrx_word' id='word_1_312' title='bbox 1911 2653 2033 2702; x_wconf 74' lang='lat' dir='ltr'>ent,</span> <span class='ocrx_word' id='word_1_313' title='bbox 2063 2642 2072 2647; x_wconf 37' lang='lat'>&#39;¹</span> 
     </span>
     <span class='ocr_line' id='line_1_38' title="bbox 393 2708 2072 2767; baseline 0.003 -16"><span class='ocrx_word' id='word_1_314' title='bbox 393 2716 488 2762; x_wconf 87' lang='lat' dir='ltr'>aut,</span> <span class='ocrx_word' id='word_1_315' title='bbox 520 2715 634 2763; x_wconf 90' lang='lat' dir='ltr'>quod</span> <span class='ocrx_word' id='word_1_316' title='bbox 660 2716 748 2754; x_wconf 90' lang='lat' dir='ltr'>veri</span> <span class='ocrx_word' id='word_1_317' title='bbox 773 2719 837 2755; x_wconf 89' lang='lat' dir='ltr'>est</span> <span class='ocrx_word' id='word_1_318' title='bbox 861 2716 1087 2766; x_wconf 87' lang='lat' dir='ltr'>dissimile,</span> <span class='ocrx_word' id='word_1_319' title='bbox 1120 2728 1300 2767; x_wconf 89' lang='lat' dir='ltr'>prorsus</span> <span class='ocrx_word' id='word_1_320' title='bbox 1326 2729 1436 2756; x_wconf 85' lang='lat' dir='ltr'>nova</span> <span class='ocrx_word' id='word_1_321' title='bbox 1460 2718 1723 2758; x_wconf 84' lang='lat' dir='ltr'>instituenda</span> <span class='ocrx_word' id='word_1_322' title='bbox 1745 2719 1838 2758; x_wconf 80' lang='lat' dir='ltr'>erat</span> <span class='ocrx_word' id='word_1_323' title='bbox 1855 2714 2031 2767; x_wconf 79' lang='lat' dir='ltr'>oonqni-</span> <span class='ocrx_word' id='word_1_324' title='bbox 2069 2708 2072 2745; x_wconf 64' lang='lat'>3</span> 
     </span>
     <span class='ocr_line' id='line_1_39' title="bbox 393 2778 2027 2835; baseline 0.004 -19"><span class='ocrx_word' id='word_1_325' title='bbox 393 2778 500 2817; x_wconf 89' lang='lat' dir='ltr'>sitio.</span> <span class='ocrx_word' id='word_1_326' title='bbox 551 2779 829 2820; x_wconf 89' lang='lat' dir='ltr'>Posteriorem</span> <span class='ocrx_word' id='word_1_327' title='bbox 868 2782 999 2832; x_wconf 88' lang='lat' dir='ltr'>igitur</span> <span class='ocrx_word' id='word_1_328' title='bbox 1035 2782 1391 2832; x_wconf 88' lang='lat' dir='ltr'>epigrammatum</span> <span class='ocrx_word' id='word_1_329' title='bbox 1431 2782 1774 2822; x_wconf 88' lang='lat' dir='ltr'>Simonideorum</span> <span class='ocrx_word' id='word_1_330' title='bbox 1810 2781 2027 2835; x_wconf 57' lang='lat' dir='ltr'>cynegia,</span> 
     </span>
    </p>
   </div>
   <div class='ocr_carea' id='block_1_4' title="bbox 485 2880 605 2885">
    <p class='ocr_par' dir='ltr' id='par_1_5' title="bbox 485 2880 605 2885">
     <span class='ocr_line' id='line_1_40' title="bbox 485 2880 605 2885; baseline 0 0"><span class='ocrx_word' id='word_1_331' title='bbox 485 2880 605 2885; x_wconf 95' lang='lat' dir='ltr'> </span> 
     </span>
    </p>
   </div>
   <div class='ocr_carea' id='block_1_5' title="bbox 392 2921 2030 3036">
    <p class='ocr_par' dir='ltr' id='par_1_6' title="bbox 392 2921 2072 3036">
     <span class='ocr_line' id='line_1_41' title="bbox 435 2921 2030 2991; baseline 0.004 -15"><span class='ocrx_word' id='word_1_332' title='bbox 435 2943 467 2983; x_wconf 80' lang='grc'>3)</span> <span class='ocrx_word' id='word_1_333' title='bbox 513 2944 615 2977; x_wconf 84' lang='lat' dir='ltr'>GGA.</span> <span class='ocrx_word' id='word_1_334' title='bbox 640 2944 727 2978; x_wconf 69' lang='lat'>1892</span> <span class='ocrx_word' id='word_1_335' title='bbox 752 2956 781 2988; x_wconf 81' lang='lat' dir='ltr'>p.</span> <span class='ocrx_word' id='word_1_336' title='bbox 805 2945 867 2978; x_wconf 83' lang='lat'>97:</span> <span class='ocrx_word' id='word_1_337' title='bbox 893 2946 960 2979; x_wconf 76' lang='lat' dir='ltr'>‘die</span> <span class='ocrx_word' id='word_1_338' title='bbox 983 2947 1194 2989; x_wconf 80' lang='lat' dir='ltr'>Saminlung</span> <span class='ocrx_word' id='word_1_339' title='bbox 1219 2949 1299 2988; x_wconf 82' lang='lat' dir='ltr'>hat,</span> <span class='ocrx_word' id='word_1_340' title='bbox 1323 2949 1388 2981; x_wconf 86' lang='lat' dir='ltr'>wic</span> <span class='ocrx_word' id='word_1_341' title='bbox 1413 2949 1468 2981; x_wconf 77' lang='lat' dir='ltr'>ich</span> <span class='ocrx_word' id='word_1_342' title='bbox 1493 2950 1584 2982; x_wconf 83' lang='lat' dir='ltr'>auch</span> <span class='ocrx_word' id='word_1_343' title='bbox 1606 2950 1695 2991; x_wconf 81' lang='lat' dir='ltr'>jetzt</span> <span class='ocrx_word' id='word_1_344' title='bbox 1718 2950 1807 2982; x_wconf 86' lang='lat' dir='ltr'>noch</span> <span class='ocrx_word' id='word_1_345' title='bbox 1833 2921 2030 2990; x_wconf 57' lang='lat' dir='ltr'>bahalim,</span> 
     </span>
     <span class='ocr_line' id='line_1_42' title="bbox 392 2999 1015 3036; baseline 0.006 -4"><span class='ocrx_word' id='word_1_346' title='bbox 392 3001 439 3032; x_wconf 86' lang='lat' dir='ltr'>im</span> <span class='ocrx_word' id='word_1_347' title='bbox 463 2999 546 3033; x_wconf 60' lang='lat' dir='ltr'>«itan</span> <span class='ocrx_word' id='word_1_348' title='bbox 570 3001 813 3035; x_wconf 85' lang='lat' dir='ltr'>Jahrhundert</span> <span class='ocrx_word' id='word_1_349' title='bbox 835 3003 1015 3036; x_wconf 81' lang='lat' dir='ltr'>existiert&#39;.</span> 
     </span>
    </p>
   </div>
   <div class='ocr_carea' id='block_1_6' title="bbox 393 3042 2064 3151">
    <p class='ocr_par' dir='ltr' id='par_1_7' title="bbox 393 3042 2072 3147">
     <span class='ocr_line' id='line_1_43' title="bbox 393 3042 2052 3143; baseline 0.005 -55.048"><span class='ocrx_word' id='word_1_350' title='bbox 393 3111 412 3143; x_wconf 65' lang='lat'><strong>¹</strong></span> <span class='ocrx_word' id='word_1_351' title='bbox 436 3055 466 3095; x_wconf 84' lang='lat'>⁴)</span> <span class='ocrx_word' id='word_1_352' title='bbox 515 3057 567 3089; x_wconf 75' lang='lat' dir='ltr'>Fr.</span> <span class='ocrx_word' id='word_1_353' title='bbox 598 3057 642 3089; x_wconf 64' lang='lat'>‘2⁴2</span> <span class='ocrx_word' id='word_1_354' title='bbox 671 3058 839 3100; x_wconf 80' lang='lat' dir='ltr'>Nauckii,</span> <span class='ocrx_word' id='word_1_355' title='bbox 872 3060 933 3101; x_wconf 92' lang='lat' dir='ltr'>qui</span> <span class='ocrx_word' id='word_1_356' title='bbox 958 3063 1077 3092; x_wconf 71' lang='lat' dir='ltr'>tamen</span> <span class='ocrx_word' id='word_1_357' title='bbox 1102 3060 1275 3103; x_wconf 82' lang='lat' dir='ltr'>originem</span> <span class='ocrx_word' id='word_1_358' title='bbox 1300 3061 1494 3094; x_wconf 79' lang='lat' dir='ltr'>testimonii</span> <span class='ocrx_word' id='word_1_359' title='bbox 1520 3072 1588 3094; x_wconf 91' lang='lat' dir='ltr'>non</span> <span class='ocrx_word' id='word_1_360' title='bbox 1615 3066 1708 3095; x_wconf 78' lang='lat' dir='ltr'>recte</span> <span class='ocrx_word' id='word_1_361' title='bbox 1733 3061 1927 3104; x_wconf 43' lang='lat' dir='ltr'>perspexi&amp;</span> <span class='ocrx_word' id='word_1_362' title='bbox 1950 3042 2052 3104; x_wconf 45' lang='lat' dir='ltr'>{aa</span> 
     </span>
     <span class='ocr_line' id='line_1_44' title="bbox 393 3110 2064 3151; baseline 0.007 -8.154"><span class='ocrx_word' id='word_1_363' title='bbox 393 3122 434 3143; x_wconf 77' lang='lat' dir='ltr'>«e</span> <span class='ocrx_word' id='word_1_364' title='bbox 459 3123 495 3145; x_wconf 86' lang='lat' dir='ltr'>re</span> <span class='ocrx_word' id='word_1_365' title='bbox 518 3113 562 3145; x_wconf 80' lang='lat' dir='ltr'>c.f</span> <span class='ocrx_word' id='word_1_366' title='bbox 586 3113 602 3151; x_wconf 58' lang='grc' dir='ltr'>,ξ</span> <span class='ocrx_word' id='word_1_367' title='bbox 627 3113 701 3146; x_wconf 80' lang='grc'>116.</span> <span class='ocrx_word' id='word_1_368' title='bbox 2061 3110 2064 3114; x_wconf 46' lang='grc'><strong><em>’</em></strong></span> 
     </span>
    </p>
   </div>
   <div class='ocr_carea' id='block_1_7' title="bbox 436 3166 1958 3215">
    <p class='ocr_par' dir='ltr' id='par_1_8' title="bbox 436 3166 1958 3215">
     <span class='ocr_line' id='line_1_45' title="bbox 436 3166 1958 3215; baseline 0.003 -12.051"><span class='ocrx_word' id='word_1_369' title='bbox 436 3166 467 3207; x_wconf 75' lang='lat'>5)</span> <span class='ocrx_word' id='word_1_370' title='bbox 514 3169 562 3201; x_wconf 80' lang='lat' dir='ltr'>De</span> <span class='ocrx_word' id='word_1_371' title='bbox 588 3169 625 3201; x_wconf 70' lang='lat' dir='ltr'>E·</span> <span class='ocrx_word' id='word_1_372' title='bbox 628 3171 763 3203; x_wconf 75' lang='lat' dir='ltr'>istathii</span> <span class='ocrx_word' id='word_1_373' title='bbox 786 3171 1057 3214; x_wconf 79' lang='lat' dir='ltr'>Aristotelisque</span> <span class='ocrx_word' id='word_1_374' title='bbox 1081 3176 1201 3205; x_wconf 82' lang='lat' dir='ltr'>textus</span> <span class='ocrx_word' id='word_1_375' title='bbox 1224 3173 1459 3215; x_wconf 76' lang='lat' dir='ltr'>discrepantia</span> <span class='ocrx_word' id='word_1_376' title='bbox 1482 3173 1525 3206; x_wconf 81' lang='lat' dir='ltr'>cf.</span> <span class='ocrx_word' id='word_1_377' title='bbox 1549 3171 1566 3213; x_wconf 68' lang='grc' dir='ltr'><strong>ἓ</strong></span> <span class='ocrx_word' id='word_1_378' title='bbox 1589 3172 1632 3205; x_wconf 92' lang='grc'>37</span> <span class='ocrx_word' id='word_1_379' title='bbox 1656 3183 1690 3206; x_wconf 90' lang='lat' dir='ltr'>n.</span> <span class='ocrx_word' id='word_1_380' title='bbox 1714 3172 1760 3206; x_wconf 73' lang='lat'>49</span> <span class='ocrx_word' id='word_1_381' title='bbox 1781 3177 1820 3207; x_wconf 82' lang='lat' dir='ltr'>et</span> <span class='ocrx_word' id='word_1_382' title='bbox 1839 3172 1859 3215; x_wconf 71' lang='grc'><strong>5</strong></span> <span class='ocrx_word' id='word_1_383' title='bbox 1880 3171 1958 3207; x_wconf 74' lang='grc'><strong>116.</strong></span> 
     </span>
    </p>
   </div>
  </div>
 </body>
</html>
