2072 3568
393 226 494 276 Cap.
530 226 585 265 11.
1188 224 1238 264 76
1903 223 1932 278 fi
1959 224 2027 268 88.

394 351 591 390 vidimus.
645 351 706 389 Ex
745 350 895 389 ceteris
932 351 1136 400 quattuor
1176 350 1254 389 tria
1295 361 1410 389 nunc
1448 351 1616 390 servata
1655 352 1759 390 sunt
1786 350 1829 391 in
1858 349 2027 392 anthol.

394 416 603 455 Palatina:
642 428 707 466 ep.
743 416 816 455 1:34
849 415 938 465 (vl.
972 415 1050 455 215
1080 415 1121 454 in
1153 415 1261 455 trad.
1294 418 1334 455 et
1364 417 1481 454 textu
1514 414 1585 465 S),
1623 426 1690 466 ep.
1722 415 1774 456 97
1804 414 1919 467 (vn.
1950 414 2031 458 25⁰

392 482 432 520 in
464 481 571 521 trad.
608 482 657 529 S;
698 483 840 521 textus
869 481 903 520 A
933 497 984 513 =
1016 480 1089 530 S),
1122 492 1187 531 ep.
1221 480 1273 520 98
1304 480 1418 530 (vn.
1451 480 1530 520 347
1559 480 1603 520 in
1632 482 1750 521 textu
1781 480 1833 530 ὃς
1873 492 2029 524 nomen

393 547 624 586 Simonidis
661 546 820 586 librarii
855 558 1000 586 errore
1027 546 1204 596 excidit,
1238 546 1291 586 ci.
1326 545 1386 597 §fi
1416 546 1490 596 53,
1521 544 1608 596 84).
1651 546 1859 593 Quintum
1886 549 2032 589 nutem

389 625 454 663 cp.
487 613 539 651 96
574 612 701 662 idque
736 611 1057 662 epigrammatis
1085 611 1136 651 97
1165 611 1391 662 gemellum
1420 610 1683 652 omissurum
1713 611 1849 653 tuisse
1874 611 2031 654 Collec-

390 682 547 726 torem,
579 679 652 728 qui
691 679 895 728 quattuor
931 678 1156 728 receperit,
1202 676 1272 716 vix
1302 677 1479 728 cogitari
1508 679 1660 728 potest.
1702 677 1755 718 At
1782 677 1863 719 hoc
1888 688 1955 730 ep.
1986 678 2030 719 ά

389 755 485 782 cum
530 743 700 782 nomine
743 742 977 782 Simonidis
1012 745 1054 782 et
1091 742 1133 781 in
1173 744 1290 782 textu
1329 741 1384 782 ab
1424 742 1621 793 Ephoreo
1659 740 1754 793 (Μ,
1794 742 1849 784 σί.
1891 741 1920 796 fi
1956 742 2029 794 84)

388 809 559 848 diverso
596 809 750 859 legitur
787 808 901 858 apud
933 808 1194 848 Favorinum
1227 805 1463 859 [Ps.-Dion.
1497 805 1675 860 Chrys]
1707 807 1918 849 xxxvn.
1952 807 2026 860 18,

389 877 592 923 sequente
628 875 935 924 epigrammate
970 873 1023 914 98
1059 885 1195 923 eoque
1232 874 1273 912 in
1311 876 1429 913 textu
1467 873 1497 913 S
1526 875 1567 914 et
1596 873 1768 914 nomine
1797 872 2031 915 Simonidis

391 939 523 988 (quod
553 940 595 978 in
622 939 703 978 ΑΡ.
734 938 999 979 intercidisse
1023 938 1129 989 dixi)
1155 939 1377 979 instructo.
1414 939 1526 979 Usus
1552 938 1683 989 igitur
1704 939 1771 978 eet
1788 938 2032 981 Favorinus

389 1004 614 1044 traditione
653 1005 682 1044 S
723 1004 748 1043 i.
781 1016 816 1044 e.
849 1015 958 1044 usus
987 1006 1050 1043 est
1081 1004 1317 1055 Meleagrea
1347 1004 1537 1054 Corona,
1580 1004 1622 1043 in
1652 1014 1783 1054 quam
1812 1005 1904 1044 tum
1933 1002 2030 1056 851-

388 1070 504 1120 loges
533 1070 820 1120 fragmentum
842 1072 1056 1120 receptum
1077 1072 1169 1109 erat
1187 1069 1256 1119 ⁵5).
1290 1070 1427 1120 Atque
1454 1069 1561 1109 adeo
1583 1069 1710 1109 etiam
1733 1079 1850 1110 nunc
1869 1068 2031 1110 adnant

388 1135 430 1174 in
461 1135 602 1175 codice
624 1135 816 1175 Palatino
844 1135 1164 1186 epigrammatis
1189 1135 1241 1175 96
1264 1135 1462 1185 vestigia,
1490 1134 1651 1185 quibus
1670 1133 1912 1175 ostenditur
1930 1133 2031 1175 huic

387 1201 682 1251 epigrammati
712 1201 754 1240 in
786 1200 952 1241 Corona
982 1201 1120 1240 locum
1151 1200 1286 1239 fuisse
1305 1200 1415 1240 inter
1434 1212 1499 1251 ep.
1524 1200 1618 1239 vll.
1643 1198 1722 1240 249
1743 1198 1816 1252 (=
1831 1198 1938 1241 Sim.
1954 1197 2027 1251 92)

387 1270 427 1305 et
455 1266 679 1316 gemellum
709 1266 801 1305 eius
830 1278 894 1316 ep.
928 1266 979 1306 97
1010 1266 1123 1315 (v11.
1157 1266 1275 1316 250);
1306 1265 1358 1305 cf.
1395 1264 1454 1317 §g
1484 1265 1556 1316 53,
1592 1265 1680 1305 101.

444 1332 562 1370 Sicut
581 1331 776 1383 Sylloges
795 1331 1063 1371 Simonideae
1077 1332 1298 1382 Meleager,
1314 1331 1371 1370 ita
1388 1331 1581 1371 Coronae
1591 1330 1803 1381 Cephalus
1812 1330 2028 1383 fingmen-

388 1401 477 1436 tum
518 1397 686 1447 recepit.
731 1396 825 1442 Qua
863 1408 907 1436 re
939 1396 1111 1447 Sylloge
1138 1396 1280 1436 denuo
1307 1397 1514 1436 iacturam
1542 1400 1607 1436 eet
1636 1406 1779 1447 passa.
1816 1394 2028 1442 Quemad-

389 1463 560 1502 modum
591 1464 694 1502 sunt
721 1463 1049 1513 epigrammata,
1082 1474 1194 1512 quae
1221 1462 1264 1501 in
1298 1462 1468 1513 Sylloge
1496 1461 1589 1512 ipsa
1614 1463 1783 1502 tantum
1805 1460 1913 1502 lectt
1931 1470 2030 1503 me

387 1528 568 1577 scimus,
610 1528 666 1567 ita
705 1528 786 1568 alia
816 1528 1117 1577 inveniuntur,
1151 1539 1262 1577 quae
1289 1540 1313 1567 a
1344 1527 1556 1578 Meleagro
1585 1528 1752 1578 recepta
1785 1538 1813 1568 a
1840 1526 2027 1578 cephala

386 1594 543 1633 omissa
573 1606 668 1633 esse
696 1596 875 1633 constat.
911 1594 970 1632 De
997 1593 1156 1643 quibus
1186 1593 1270 1632 vid.
1306 1592 1332 1645 ξ
1366 1592 1454 1632 143.

441 1659 548 1699 Cum
574 1671 649 1710 per
673 1659 951 1710 Meleagream
978 1660 1190 1699 Coronam
1212 1661 1302 1698 tum
1324 1670 1400 1709 per
1420 1658 1717 1708 Anthologiam
1738 1657 2027 1708 Cephalum

390 1725 583 1775 Sylloges
606 1725 875 1764 Simonideae
893 1725 1202 1775 epigrammata
1223 1727 1511 1775 pervenerunt
1526 1723 1653 1763 etiam
1667 1723 1712 1764 in
1726 1721 2026 1775 Anthologinm

388 1790 668 1840 Planudeam,
692 1790 766 1829 sed
786 1790 990 1840 quoniam
1010 1790 1224 1829 Planudes
1242 1789 1435 1829 ordinem
1455 1789 1834 1840 epigrammatum,
1855 1788 2025 1839 qualem

386 1856 547 1895 invenit
569 1856 611 1894 in
634 1855 824 1894 fontibus
846 1855 960 1904 suis,
995 1867 1079 1894 non
1102 1856 1311 1904 servavit,
1346 1855 1585 1905 fragmenta
1610 1854 1805 1906 Sylloges
1822 1854 2025 1895 continua

386 1932 460 1970 per
490 1921 749 1971 Meleagrum
779 1924 1013 1971 propagata
1042 1923 1208 1960 tantum
1238 1921 1281 1959 in
1312 1920 1555 1970 Cephalana
1583 1919 1797 1970 expectari
1824 1922 2021 1971 possunt.

387 1986 451 2024 Ex
482 1986 697 2026 Planudea
726 1986 868 2025 denuo
896 1997 1019 2025 suam
1052 1986 1338 2025 Simonideam
1369 1986 1520 2025 seriem
1547 1985 1690 2024 hausit
1715 1985 2025 2026 Constantinus

387 2051 595 2091 Lasoaris.

440 2117 492 2156 Et
515 2117 568 2156 de
589 2117 778 2168 vestigiis
801 2117 996 2168 Sylloges
1018 2117 1288 2157 Simonideae
1306 2117 1349 2156 in
1370 2116 1636 2167 Anthologiis
1655 2114 2024 2166 deprehendendis

384 2186 424 2221 et
461 2183 514 2221 de
546 2182 640 2221 aliis
669 2182 992 2232 quaestionibus
1027 2182 1080 2221 ad
1111 2182 1387 2233 Anthologias
1417 2181 1730 2231 pertinentibus
1755 2180 2023 2232 disputatum

384 2251 448 2287 est
479 2247 538 2299 ἐξ
567 2248 773 2295 82—104;
807 2248 1036 2296 105—108;
1070 2248 1158 2286 120.

428 2413 474 2445 :55
521 2415 668 2453 Quando
691 2415 833 2456 Sylloge
856 2414 1059 2447 Simoniden,
1083 2415 1275 2453 interierit,
1299 2414 1439 2446 difficile
1463 2414 1559 2446 dictu
1585 2417 1649 2446 est.
1674 2413 1721 2446 At
1739 2410 1908 2446 amman-i
1924 2421 2024 2455 punse

386 2474 470 2512 puto
500 2482 559 2503 eos
590 2471 792 2512 sen'ptores,
825 2472 887 2513 qui
913 2471 1088 2512 Meleagro
1114 2471 1325 2503 recentiores
1349 2470 1423 2503 sint
1447 2470 1747 2512 munitionemque
1769 2468 1794 2502 S
1816 2477 2022 2512 repnentu-

385 2532 483 2566 tent,
525 2537 603 2559 usos
642 2538 717 2559 esse
758 2538 827 2559 uon
864 2527 1006 2569 Sylloge
1042 2527 1135 2568 ipsa,
1175 2527 1234 2559 sed
1274 2527 1471 2568 fingmento
1506 2527 1603 2565 eins,
1642 2526 1737 2569 quod
1773 2525 1951 2568 “cinget
1983 2525 2022 2559 in

384 2583 554 2615 Coronatii
580 2585 776 2625 recepisset.
820 2583 868 2615 De
892 2582 1023 2624 quibus
1047 2583 1113 2615 vid.
1140 2588 1318 2624 praeterea
1342 2584 1359 2622 ,ξ
1387 2582 1459 2615 ¹45.
1503 2583 1602 2621 Quod
1629 2582 1825 2615 tenendum
1847 2585 1905 2616 est
1925 2580 2023 2623 ideo,

384 2639 476 2679 quml
504 2639 576 2671 licii
603 2643 733 2680 potest,
767 2644 808 2671 nt
831 2639 927 2671 tituli
952 2639 1144 2671 Simonidei
1169 2640 1468 2681 epigrammatum
1494 2639 1586 2680 apud
1614 2640 1691 2671 illos
1715 2639 1901 2681 scuiptooes
1921 2637 2021 2671 obvi-

383 2704 483 2726 orum
510 2695 579 2727 inm
605 2695 639 2727 in
665 2695 689 2727 C
686 2706 777 2727 ιιιιιι
780 2706 799 2727 a
823 2705 863 2727 ex
889 2695 1067 2727 cruoribus
1093 2696 1145 2727 vel
1170 2705 1210 2727 ex
1237 2695 1316 2727 aliis
1339 2695 1455 2727 titulis
1478 2695 1677 2736 depravatis
1702 2694 1776 2728 nnti
1799 2694 1883 2728 sint.
1910 2692 2022 2728 euius

385 2751 432 2782 rei
458 2761 578 2784 revera
601 2752 821 2784 offendemus
844 2752 1005 2793 exempla
1026 2750 1079 2792 (§§
1102 2750 1163 2792 54,
1186 2750 1248 2790 9o;
1272 2750 1289 2791 ἓ
1312 2750 1382 2788 67).
