2072 3568
320 247 421 296 Cnp.
457 244 546 295 111,
579 246 643 285 32.
1099 246 1179 287 216

319 371 558 410 Mnasalcae
595 371 689 410 VII.
726 370 804 410 242
842 373 988 411 extare
1027 371 1212 411 vidimus
1246 372 1561 423 condicionem,
1601 373 1779 415 eandem
1807 374 1960 429 adeun

318 438 492 485 apparet
529 435 637 475 inter
669 435 911 475 Simoniden
941 448 1035 487 epp.
1067 436 1402 487 Eurymedontia
1434 437 1526 477 Vll.
1554 438 1635 478 258
1660 440 1703 478 et
1728 438 1826 480 vn.
1852 438 1954 491 448,

318 512 455 550 neque
482 503 567 551 est,
600 501 714 550 quod
744 501 1012 551 dubitemus,
1045 502 1150 551 quin
1178 502 1257 542 hoe
1275 514 1341 553 ep.
1363 514 1441 553 pro
1461 502 1694 544 imitatione
1714 504 1958 547 Simoniden

318 566 558 605 Mnasnlcae
582 565 825 606 habendum
852 566 925 615 εἰη
957 578 1083 617 quem
1109 578 1282 618 quoque
1306 579 1488 618 arguere
1513 568 1725 620 videntur,
1753 571 1802 610 ut
1823 572 1957 623 supra

318 631 399 670 iam
438 631 480 670 in
520 631 703 670 transitu
742 631 929 671 indicare
961 635 1141 672 conatus
1170 644 1290 683 sum,
1334 634 1449 673 vocis
1477 631 1766 679 ἀκονῐοόόκος
1792 633 1958 676 abusu·

316 699 356 735 et
384 697 702 747 epigrammatis
731 697 782 736 99
812 698 1001 737 imitatio.
1055 698 1108 738 Ut
1138 698 1220 738 iam
1252 699 1397 739 monui
1429 698 1476 750 (ἕ
1510 699 1604 749 126)
1635 710 1790 741 nomen
1820 699 1957 742 Simo-

318 762 428 801 nidis
464 764 605 801 ortum
642 774 736 802 esse
767 763 934 803 videtur
961 775 1013 803 ex
1042 767 1141 804 nota
1175 764 1445 805 Simonideae
1473 765 1720 806 imitationis
1745 766 1957 818 epigram·

318 819 427 866 mats
464 827 683 877 apposita;
732 828 800 867 eui
849 831 973 868 notae
1019 829 1102 868 iam
1150 830 1388 880 antiquitus
1434 830 1595 870 adiecta
1643 830 1812 872 videtur
1856 833 1976 872 non.

315 893 556 942 argumenti
588 892 659 943 (el.
692 892 718 944 ἓ
751 893 827 933 128
855 894 908 933 de
936 894 1144 945 Tegeatici
1174 896 1494 946 epigrammatis
1522 893 1752 947 lemmate).

370 958 711 1008 Epigrammata,
758 971 868 1008 quae
911 959 953 998 in
998 960 1077 999 hoe
1118 973 1183 1011 ep.
1227 962 1534 1012 respiciuntur,
1578 961 1723 1001 emula
1763 961 1807 1002 in
1847 960 1953 1013 Syll.

319 1023 560 1063 Simonidea
597 1024 776 1063 affuisse
813 1025 895 1063 iam
937 1025 1059 1064 nobis
1094 1028 1312 1076 apparuit:
1350 1038 1445 1077 epp.
1478 1026 1552 1067 105
1580 1029 1622 1067 et
1648 1026 1701 1067 99
1727 1038 1781 1067 ex
1805 1026 1959 1068 ordine

318 1089 508 1128 Palatino
540 1089 782 1128 Simonideo
813 1089 884 1140 (ef.
916 1089 941 1140 ξ
976 1090 1091 1140 101),
1124 1091 1177 1130 de
1204 1103 1270 1142 ep.
1302 1092 1373 1131 lll
1405 1092 1458 1131 ct.
1489 1090 1548 1143 ἓξ
1578 1091 1651 1143 37,
1682 1091 1748 1132 43.

371 1153 396 1204 ἓ
430 1154 518 1193 128.
580 1153 647 1194 De
675 1153 1013 1205 epiyrammate
1045 1155 1280 1207 Teyeatc‘co
1311 1157 1415 1197 103.
1465 1157 1558 1197 Duo
1579 1157 1689 1197 inter
1712 1156 1956 1198 Simoniden

316 1221 417 1257 sunt
444 1219 750 1268 epigrammata
782 1221 1025 1271 Tegeatiea,
1062 1233 1246 1271 quorum
1276 1222 1467 1262 condicio
1494 1234 1519 1261 a
1550 1222 1654 1261 viris
1681 1221 1818 1263 doctis
1845 1224 1958 1263 reete

315 1284 513 1322 constitui
544 1296 628 1323 non
659 1287 813 1334 potuit,
847 1297 944 1324 eum
974 1288 1048 1325 aut
1077 1289 1309 1336 utrumque
1337 1287 1392 1326 ab
1419 1287 1565 1327 eodem
1595 1289 1769 1328 auctore
1794 1287 1956 1339 proteo-

315 1351 404 1387 tum
452 1361 547 1388 esse
588 1361 666 1399 pro
708 1351 926 1400 explorato
970 1351 1174 1391 haberent
1217 1356 1291 1391 aut
1333 1352 1645 1392 contunderent
1683 1352 1957 1404 quaestiones

315 1426 494 1464 prorsus
531 1414 725 1454 diversas
763 1416 816 1454 de
849 1417 1014 1467 origine
1041 1418 1398 1468 epigrammatum
1427 1430 1480 1457 ex
1511 1418 1683 1469 Sylloge
1712 1417 1955 1459 Simoniden

313 1482 353 1517 et
381 1479 434 1518 de
465 1479 696 1519 Simonidis
725 1481 988 1521 auctoritate.
1027 1482 1153 1522 Eece:

370 1545 447 1594 Ep.
483 1545 571 1584 102.
605 1546 687 1585 ΑΡ.
717 1547 811 1586 VII.
844 1547 942 1587 512:

530 1610 663 1651 τῶνδε
693 1610 745 1650 δι’
770 1610 1022 1663 ἀνθρώπων
1050 1612 1203 1665 ἀρετὰν
1231 1612 1311 1666 οὐχ
1339 1613 1450 1654 ἵκετο
1478 1613 1642 1659 καπνὸς

580 1675 732 1727 αἰθέρα
763 1676 989 1728 ὁαιομένας
1018 1677 1256 1731 εὐρυχόρου
1290 1677 1461 1731 Τεγέας,

527 1741 571 1780 οἳ
593 1740 799 1792 βούλοντο
826 1741 947 1782 πόλιν
975 1742 1054 1794 μὲν
1081 1742 1299 1795 ἐλευθερίᾳ
1327 1743 1550 1785 τεθαλυῖαν

579 1806 695 1847 παισὶ
723 1807 870 1854 λιπεῖν,
900 1807 1018 1848 αὐτοὶ
1048 1808 1087 1849 ὁ’
1113 1808 1157 1848 ἐν
1183 1809 1441 1862 προμάχοισι
1472 1809 1627 1850 θανεῖν.

368 1872 445 1921 Ep.
487 1872 575 1911 103.
615 1874 696 1912 ΑΡ.
732 1875 824 1913 VII.
864 1875 941 1914 442
982 1875 1212 1925 (praeeedit
1250 1876 1491 1915 Mnasaleae
1519 1876 1742 1915 imitationi
1772 1874 1954 1915 Simoni·

313 1937 416 1976 deae
446 1938 805 1988 Eurymedontiae
836 1940 952 1990 106):

528 2002 793 2056 εὐθυμάχων
822 2003 994 2056 ἀνδρῶν
1023 2005 1315 2058 μνησώμεθα,
1345 2008 1429 2046 τῶν
1457 2005 1531 2046 ὅὸε
1559 2005 1740 2058 τύμβος,

580 2069 624 2107 οἳ
647 2068 784 2109 θάνον
812 2069 998 2122 εὔμηλον
1026 2070 1227 2122 ῥυόμενοι
1260 2069 1431 2123 Τεγέαν,

525 2133 722 2186 αἰχμηταὶ
749 2133 834 2186 πρὸ
862 2134 1045 2187 πόληος,
1074 2136 1140 2175 ἵνα
1169 2136 1284 2188 σφίσι
1311 2135 1372 2189 μὴ
1402 2135 1630 2189 καθέληιαι

575 2197 720 2244 Ἑλλὰς
748 2198 1052 2252 ἀποφθιμένου
1080 2200 1235 2253 κρατὸς
1263 2200 1516 2254 ἐλευθερίαν.

314 2263 459 2302 Kaibel
501 2276 541 2313 p.
583 2265 661 2303 457
705 2268 937 2316 utrumque
977 2278 1042 2317 ep.
1085 2279 1163 2317 pro
1205 2268 1540 2307 demonstrativo
1582 2267 1759 2316 habuit,
1810 2265 1951 2316 Bergk

312 2330 459 2370 eontra
507 2331 738 2379 utrumque
784 2343 807 2370 a
854 2331 1071 2371 Simonide
1111 2333 1329 2372 eonditum
1371 2333 1629 2373 existimavit
1669 2343 1728 2372 se.
1769 2331 1951 2372 alterum

311 2404 376 2442 ep.
416 2393 490 2432 103
529 2395 725 2444 sepulcro
762 2396 1022 2436 destinatum
1063 2398 1134 2448 (ef.
1169 2410 1209 2437 v.
1245 2399 1280 2437 1.
1314 2400 1398 2437 τῶν
1426 2397 1501 2438 ὅδε
1528 2396 1730 2448 τύμβος),
1769 2397 1950 2437 alterum

315 2458 390 2496 102
427 2460 695 2509 cenotaphio;
738 2462 968 2501 Hauvett-io
1005 2464 1240 2513 genuinum
1279 2465 1305 2503 i.
1338 2476 1373 2503 e.
1410 2464 1642 2503 Simonidis
1681 2462 1849 2502 videtur
1879 2473 1946 2512 ep-

316 2523 412 2572 103,
445 2524 668 2563 imitatoris
697 2528 838 2565 autem
868 2527 1048 2567 alieuius
1077 2540 1143 2578 ep.
1175 2529 1263 2568 102.
1311 2529 1403 2568 Mea
1431 2532 1572 2568 autem
1601 2529 1801 2579 opinione
1826 2526 1952 2578 plane

312 2589 524 2627 contraria
566 2590 686 2629 adest
729 2592 939 2631 condicio:
983 2605 1048 2643 ep.
1093 2593 1169 2632 102
1211 2595 1446 2644 genuinum
1484 2597 1549 2633 est
1586 2594 1612 2633 i.
1643 2606 1680 2633 e.
1716 2604 1741 2632 e
1779 2592 1952 2644 Sylloge

315 2652 557 2693 Simonidea
600 2658 881 2705 propagatum
925 2680 976 2685 —
1019 2670 1117 2698 nam
1159 2659 1212 2698 de
1251 2659 1416 2709 origine
1457 2662 1585 2709 atque
1625 2661 1799 2699 auctore
1834 2668 1952 2697 nuno

314 2729 399 2756 non
429 2718 658 2757 videndum
687 2723 774 2769 est,
807 2733 1070 2771 quamquam
1099 2724 1276 2763 lectores
1306 2736 1478 2763 monere
1507 2724 1630 2763 velim
1654 2725 1733 2764 hoe
1757 2723 1950 2774 pulcher-

313 2782 467 2821 rimum
511 2795 575 2833 ep.
618 2796 753 2823 unum
797 2798 891 2825 esse
931 2799 983 2826 ex
1026 2789 1296 2838 paucissimis
1339 2789 1443 2838 illis,
1489 2801 1600 2839 quae
1639 2789 1743 2839 quin
1782 2789 1951 2840 praeter

313 2847 688 2898 Thermopylensia
728 2850 796 2890 illa
835 2853 915 2891 tria
944 2853 1037 2891 iure
1065 2865 1089 2892 a
1120 2854 1349 2893 Colleetore
1379 2854 1586 2894 Simonidi
1616 2854 1827 2893 vindicata
1854 2864 1950 2893 esse

314 2913 501 2960 putanda
543 2913 649 2963 sint,
696 2926 782 2953 non
825 2917 994 2967 dubito,
1040 2919 1094 2957 ef.
1140 2917 1166 2969 ξ
1214 2919 1289 2957 146
1329 2922 1370 2958 et
1412 2932 1451 2969 p.
1493 2920 1533 2958 h.
1571 2931 1722 2958 comm.
1760 2919 1832 2958 alt.
1870 2939 1944 2968 -,

313 2988 376 3025 ep.
410 2977 483 3015 103
512 2980 653 3017 autem
683 2979 860 3019 imitatio
891 2982 1133 3022 Simonidea
1163 2984 1404 3023 Mnasaleae
1430 2987 1507 3023 aet.

367 3041 496 3079 Miror
543 3042 847 3095 Hauvettium‚
898 3058 1160 3097 quamquam
1206 3048 1457 3087 intellexerit
1504 3061 1588 3087 non
1636 3060 1809 3088 neeesse
1853 3058 1949 3087 esse

312 3104 446 3143 eidem
485 3108 646 3145 auctori
684 3109 827 3148 deberi
866 3114 1098 3162 utrumque
1126 3125 1209 3163 ep.,
1251 3125 1336 3152 non
1366 3114 1553 3152 sensisse
1579 3114 1841 3163 epigramma
1870 3112 1947 3152 103
