2072 3568
324 227 425 276 Cap.
462 225 493 263 1.
1131 220 1156 260 8

323 350 421 390 inde
444 349 721 398 derivaverit,
749 347 863 398 quod
887 346 1149 386 Herodotum
1177 344 1328 384 recisse
1347 343 1472 384 linxit
1494 343 1671 395 Preger,
1702 342 1966 385 Simonidem

324 419 487 456 tantuin
514 413 834 465 epigrammatis
857 423 951 452 esse
974 411 1281 460 dedicatorem,
1315 409 1645 460 Amphictyones
1669 411 1813 450 autem
1835 409 1963 462 ἀρνί.

379 480 639 520 Simonidem
691 478 934 518 condidisse
983 477 1275 528 epigramma,
1331 475 1455 515 cuius
1505 474 1723 515 dedicator
1771 472 1971 527 dicatur,

327 547 482 597 Preger
529 556 612 584 non
663 546 815 595 negat,
866 554 965 582 nam
1017 541 1305 581 ‘manifestum
1351 543 1416 580 est
1464 541 1630 591 poetam
1676 539 1720 580 in
1769 538 1968 581 versibus

324 611 527 652 iaciendis
566 622 650 650 non
690 609 825 648 aliena
858 619 987 658 opera
1015 617 1144 646 usum
1173 604 1299 646 esse’.
1347 605 1584 656 Explicatio
1610 607 1754 645 autem
1781 603 1969 657 Pregero
2023 627 2029 634 -

324 676 464 716 danda
508 676 668 724 tuerat,
715 686 799 724 qua
838 673 892 712 de
927 683 1058 713 causa
1096 671 1280 722 scriptor
1317 670 1611 711 auctoritatem
1652 669 1964 721 Simonidoem,

324 742 376 780 dc
404 753 488 791 qua
518 741 608 791 ipse
636 739 833 779 dubitare
862 750 946 778 non
977 737 1169 789 potuisse
1197 737 1386 787 videtur,
1418 738 1564 787 aperte
1588 746 1674 776 non
1698 735 1964 778 indiam-lt.

379 807 626 846 Ceterorum
661 815 833 855 quoque
860 804 1217 855 epigrammatum
1246 802 1479 842 auctoritas
1510 801 1755 842 Simoniden
1783 801 1972 854 Pregero

325 876 437 911 certa
478 872 658 911 videtur.
706 870 768 909 Ad
806 881 934 920 quam
971 868 1350 909 demonstrandam
1380 878 1489 907 usus
1515 870 1581 907 est
1608 868 1865 919 argumento
1891 865 1968 907 mt-

325 938 419 976 cito.
462 937 568 976 Nam
598 936 757 975 auxilio
785 934 1007 975 arcessivit
1036 934 1320 984 posteriorum
1349 933 1402 972 de
1430 933 1584 972 horum
1610 932 1969 984 epigrammatum

329 1001 571 1041 Simonidea
605 1001 770 1051 origine
797 999 1058 1048 testimonia;
1097 1010 1208 1049 quae
1236 998 1384 1049 procul
1414 1001 1517 1038 sunt
1546 997 1765 1049 habenda,
1804 996 1843 1038 ei
1869 996 1972 1049 quis

326 1067 519 1117 quaerit,
570 1066 673 1116 quid
718 1065 1045 1115 antiquissimus
1091 1063 1323 1103 Simonidei
1365 1062 1687 1114 epigrammatis
1726 1062 1849 1103 tentis
1888 1072 1970 1103 nos

325 1133 496 1172 edoceat
524 1132 577 1171 de
607 1131 875 1171 Simonideae
903 1130 1169 1170 auctoritatis
1198 1129 1301 1178 iide3
1341 1140 1453 1179 quae
1481 1128 1722 1169 testimonia
1749 1129 1970 1179 praetem·

327 1198 420 1248 ipso
459 1198 550 1237 loco
586 1197 827 1237 Herodoteo
865 1196 940 1235 niti
979 1195 1157 1247 possint.
1205 1194 1329 1241 Quod
1360 1206 1507 1234 revera
1537 1205 1620 1234 usu
1650 1193 1798 1234 venire
1822 1194 1971 1245 poeto

329 1264 567 1303 videbimus
604 1262 651 1314 (ξ
681 1263 731 1301 44
762 1261 894 1312 sqq.).
950 1267 952 1270 ’

383 1329 408 1379 ξ
442 1330 476 1368 7.
538 1340 571 1368 e.
633 1328 908 1368 Hauvette
938 1327 998 1377 (p.
1034 1327 1083 1366 10
1113 1325 1246 1376 sqq.).
1303 1325 1387 1372 Qui
1415 1325 1504 1364 v.d.
1537 1335 1803 1375 quamquam
1828 1324 1970 1366 heum

329 1396 542 1445 integrum
570 1405 665 1433 esse
692 1396 733 1433 et
761 1405 858 1433 cum
890 1394 1073 1444 Pregero
1103 1392 1234 1432 verba
1262 1389 1315 1431 Σ.
1344 1389 1425 1431 ἐστὶ
1449 1389 1475 1430 ὁ
1498 1389 1739 1443 ἐπιγράψας
1758 1389 1971 1442 epigram-

330 1460 453 1499 matis
483 1459 741 1499 inscribendi
770 1459 977 1498 actionem
1007 1458 1218 1508 respicere
1246 1459 1368 1507 putat
1398 1456 1657 1507 (‘Simonide
1676 1485 1687 1495 .
1707 1485 1718 1495 .
1738 1485 1750 1495 .
1772 1455 1974 1507 appnnit

330 1526 561 1564 seulement
590 1536 752 1564 comme
780 1523 895 1563 l'ami
920 1523 993 1573 qui
1018 1535 1042 1563 a
1067 1523 1158 1573 pris
1182 1522 1275 1562 soin
1300 1522 1353 1561 de
1376 1522 1484 1561 faire
1505 1532 1663 1572 graver
1684 1532 1772 1561 une
1791 1518 1972 1572 inscrip-

330 1591 415 1630 tion
447 1602 523 1629 sur
551 1591 589 1629 le
617 1590 814 1629 tombeau
843 1588 1058 1628 dudevin
1090 1586 1264 1639 Meg.’),
1297 1590 1439 1627 tamen
1469 1587 1735 1627 Herodotum
1763 1586 1827 1627 sie
1850 1585 1973 1628 intel·

330 1656 556 1706 legendum
603 1667 698 1695 esse
743 1655 998 1703 arbitratur,
1049 1656 1095 1693 ut
1145 1653 1386 1693 Simonides
1432 1653 1606 1703 cippum
1647 1661 1821 1703 quoque
1859 1650 1973 1692 vaus

332 1721 604 1760 statuendum
644 1732 819 1760 curasse
854 1721 1049 1759 videatur
1079 1719 1258 1770 (⁴tandis
1286 1730 1371 1768 que
1398 1719 1459 1758 les
1488 1718 1640 1769 Amph.
1672 1719 1749 1758 ont
1772 1716 1852 1758 init
1876 1716 1973 1758 ossi·

332 1787 562 1826 ciellement
600 1787 660 1825 les
698 1786 802 1825 frais
840 1786 915 1824 des
954 1785 1080 1824 steles
1116 1787 1156 1824 et
1193 1785 1246 1823 de
1282 1784 1321 1823 la
1360 1795 1548 1834 gravure
1583 1784 1660 1823 des
1686 1782 1973 1835 epigramm

332 1863 440 1901 pour
483 1852 543 1890 les
584 1851 695 1890 deux
740 1852 945 1901 premiers
987 1852 1282 1898 monuments,
1329 1848 1434 1888 c’est
1470 1861 1523 1888 en
1562 1860 1640 1888 son
1679 1859 1837 1900 propre
1871 1858 1973 1889 nom

331 1928 415 1966 que
445 1917 662 1955 Simonide
690 1928 714 1955 a
744 1916 879 1955 rendu
909 1916 970 1955 les
999 1917 1157 1955 memes
1186 1915 1407 1954 honneurs
1435 1917 1459 1953 a
1490 1926 1568 1953 son
1598 1912 1736 1965 hote’,
1773 1915 1817 1955 et
1843 1913 1975 1966 paulo

332 1984 447 2031 post:
481 1981 544 2020 ‘en
577 1982 741 2031 realite,
774 1980 1079 2020 l’observation
1104 1981 1157 2020 de
1178 1980 1417 2020 l’historien
1443 1991 1490 2019 se
1515 1983 1716 2030 rapporte
1738 1979 1974 2021 seulement

332 2048 354 2085 a
394 2047 433 2086 la
470 2047 698 2086 difference
735 2047 811 2085 des
850 2058 1084 2096 personnes
1113 2047 1187 2096 qui
1216 2048 1291 2085 ont
1320 2044 1440 2086 έίευέ
1464 2044 1527 2085 les
1556 2042 1850 2096 tombeaux’).
1894 2045 1968 2096 At,

332 2112 530 2161 obsecro,
575 2112 715 2161 qualis
757 2115 820 2151 est
865 2112 967 2151 haec
1010 2110 1310 2151 ratiocinatio?
1353 2111 1537 2161 Agnovit
1576 2110 1663 2149 v.d.
1707 2109 1974 2151 Herodotum

333 2177 500 2216 tradere
542 2177 595 2216 ab
634 2177 1015 2227 Amphictyonibus
1053 2178 1214 2227 positos
1253 2189 1348 2216 esse
1385 2177 1532 2226 cippos
1569 2187 1742 2227 omnes,
1785 2186 1972 2227 quornm

333 2242 442 2280 duos
485 2242 564 2291 ipsi
607 2243 854 2281 ornaverint
896 2242 1219 2292 epigrammate;
1260 2242 1314 2281 ab
1352 2242 1483 2281 altera
1523 2244 1664 2280 autem
1701 2242 1824 2292 parte
1857 2251 1973 2281 asne-

335 2310 452 2346 verat
484 2307 742 2346 Simonidem
773 2308 914 2357 ipsum
943 2308 1147 2347 statuisse
1175 2308 1303 2357 pilam
1335 2307 1458 2346 vatis.
1518 2307 1600 2352 Qui
1629 2306 1852 2357 opiniones
1877 2305 1973 2347 illas

333 2373 568 2411 contrarias
608 2373 735 2411 simul
775 2373 965 2422 proferre
1006 2373 1091 2411 v.d.
1126 2373 1331 2422 potuerit,
1374 2373 1465 2422 ipse
1492 2383 1705 2422 exponere
1732 2370 1903 2412 videtur
1927 2370 1974 2411 in

333 2438 605 2476 annotatione
642 2438 685 2476 2²¹
719 2450 758 2487 p.
796 2438 862 2476 10:
907 2438 972 2477 ‘en
1002 2438 1206 2488 adoptant
1235 2440 1342 2477 cette
1371 2438 1692 2488 interpretation
1722 2436 1801 2487 (sc.
1830 2436 1974 2477 locum

335 2502 546 2551 integrum
576 2503 710 2551 esse),
752 2515 860 2541 nous
891 2515 943 2541 ne
971 2514 1168 2554 croyona
1195 2515 1273 2553 pas
1304 2533 1312 2541 .
1341 2533 1349 2541 .
1379 2533 1387 2540 .
1415 2533 1423 2540 .
1457 2515 1542 2552 que
1573 2501 1792 2542 Simonide
1817 2513 1866 2543 se
1891 2501 1975 2543 soit

336 2567 467 2605 borne.
504 2570 526 2605 a
567 2568 672 2606 faire
709 2579 864 2617 graver
893 2566 1123 2617 l'epitaphe
1149 2568 1201 2606 de
1230 2568 1338 2617 Meg.
1356 2597 1366 2616 ,
1410 2578 1513 2606 sans
1542 2568 1662 2606 avoir
1690 2565 1974 2617 personneile-

336 2635 449 2670 ment
487 2632 707 2671 contribue-
745 2635 768 2671 ῑι
808 2631 1048 2671 l’elevation
1086 2633 1145 2671 du
1183 2633 1404 2681 tombeau,
1447 2633 1507 2671 les
1542 2633 1655 2671 deux
1683 2633 1836 2672 choses
1861 2642 1974 2672 nous
2006 2637 2008 2639 ’

337 2698 573 2746 paruissent
617 2697 906 2747 inseparables
949 2698 1058 2736 dans
1100 2699 1139 2737 la
1184 2701 1338 2747 pensee
1378 2697 1643 2737 d'Herodote
1683 2700 1724 2737 et
1764 2697 1876 2737 dans
1909 2697 1977 2738 1oe

336 2761 448 2800 idces
477 2762 551 2800 des
580 2762 783 2801 anciens’.
829 2763 1040 2801 Hauvette
1070 2775 1154 2802 non
1185 2762 1441 2802 intellexisse
1471 2763 1571 2802 mihi
1603 2763 1770 2802 videtur
1798 2773 1879 2803 nos
1905 2761 1975 2803 hie

338 2827 499 2865 versari
547 2827 587 2865 in
633 2839 676 2866 re
718 2828 947 2877 peculiari,
999 2829 1040 2867 isi
1085 2840 1170 2878 qua
1212 2829 1518 2879 disiungantur
1559 2829 1651 2879 ipsa
1693 2828 1764 2868 illa
1806 2826 1975 2879 piet-tis

336 2892 600 2940 testimonia,
654 2904 763 2941 quae
812 2905 979 2943 semper
1026 2894 1239 2933 artissime
1286 2894 1511 2933 coniuncta
1560 2894 1742 2932 inveniri
1792 2883 1993 2934 solenne*

337 2957 606 3006 Quamquam
647 2957 733 2995 wd.
776 2958 866 3006 ipse
902 2961 1064 2997 textum
1094 2959 1297 2998 traditum
1327 2959 1382 2998 ab
1411 2959 1734 3008 interpolatione
1763 2957 1970 3008 vindicat,

336 3021 427 3059 eius
464 3022 686 3070 explicatio
726 3034 872 3061 revera
914 3024 1061 3062 nititur
1099 3027 1215 3062 textu
1256 3024 1519 3074 Bergkiano,
1562 3024 1603 3062 in
1642 3035 1728 3073 quo
1766 3035 1848 3062 vox
1885 3021 1973 3063 ἐπί-

339 3099 513 3136 γραμμα
545 3099 620 3135 pro
649 3087 829 3126 insiticia
860 3088 1002 3127 habita
1032 3092 1108 3127 est.
