2072 3568
918 233 993 276 193
1487 236 1512 291 g
1546 239 1768 282 110—112.

135 356 286 398 bachii·
317 357 471 409 (Melet.
514 358 586 398 Gr.
628 371 669 408 p.
715 358 810 410 18),
857 361 930 410 qui
974 373 1013 400 v.
1056 363 1096 400 d.
1138 364 1279 401 tamen
1322 375 1374 402 ex
1416 365 1771 415 epigrammatum

21 432 61 446 ”
136 423 477 473 cephalanorum
526 425 645 474 copia
691 437 715 463 a
766 425 899 464 Suida
946 427 1109 476 prolata
1156 428 1309 467 iniuria
1357 429 1495 468 effecit
1542 431 1770 480 Cephalam

133 489 412 539 Anthologiae
439 501 544 528 suae
570 490 700 528 finem
730 490 986 540 imposuisse
1010 494 1105 541 post
1130 493 1211 531 ΑΡ.
1237 493 1309 531 ΙΧ.
1334 494 1410 532 563
1439 494 1530 545 (ubi
1555 508 1709 535 manus
1735 498 1768 535 B

133 555 295 593 textum
323 566 500 593 exarare
527 554 706 605 incipit).
756 556 1025 595 Percurrenti
1053 559 1194 596 autem
1224 558 1266 596 in
1297 559 1551 608 scriptorum
1581 573 1605 599 a
1638 561 1770 600 Suida

133 618 403 658 laudatorum
431 620 569 658 indice
596 621 710 670 apud
741 621 1069 671 Bernhardyum
1099 623 1143 660 II
1172 635 1212 672 p.
1249 623 1350 662 1963
1380 636 1472 673 sqq.
1507 627 1655 664 seriem
1685 627 1770 676 epi-

133 685 418 734 grammatum
443 685 611 724 Anthol.
646 686 884 736 Palatinae,
918 698 1028 735 quae
1056 687 1211 726 Suidas
1234 690 1438 738 respexit,
1473 691 1614 729 statim
1637 692 1770 730 elucet

132 749 250 787 illum
292 749 440 788 sedulo
480 751 722 789 excussisse
764 740 1051 801 C'ephalanam
1092 753 1218 791 Anth.
1261 766 1398 803 usque
1440 756 1493 794 ad
1531 757 1624 795 VII.
1667 758 1765 807 247,

22 805 59 855 ’ζ
131 818 222 852 tum
251 816 392 853 autem
420 815 565 854 labore
593 816 904 865 supersedisse;
935 829 987 855 ex
1015 818 1333 867 epigrammatis
1365 820 1537 869 reliquis
1567 833 1651 860 non
1681 834 1768 861 am-

132 879 243 928 plius
271 880 413 918 decem
444 881 510 919 vel
537 881 759 920 duodecim
788 882 978 921 laudavit
1009 882 1080 933 (cf.
1116 881 1141 933 ἓ
1172 882 1241 933 94)
1265 883 1348 934 l55).

186 945 320 995 Vulgo
344 945 500 984 Suidas
524 958 618 995 epp.
647 947 889 996 Cephalania
915 948 981 986 vel
1005 960 1153 987 eorum
1178 949 1416 999 fragmenta
1437 951 1583 990 laudat
1607 953 1767 992 adiecta

24 999 74 1051 ⁹..
132 1011 229 1048 nota
270 1008 367 1060 (ὡς)
407 1009 451 1049 ἓν
487 1010 799 1063 ἐπιγράμμασιν
832 1014 1018 1052 auctoris
1048 1015 1218 1053 nomine
1246 1016 1417 1054 omisso.
1464 1017 1557 1055 Non
1587 1019 1690 1057 solet
1719 1031 1767 1058 ea

41 1066 51 1072 ‘⁷
129 1086 227 1113 cum
268 1075 362 1114 aliis
403 1077 612 1126 excerptis
654 1078 854 1117 conflare.
914 1079 987 1117 Vel
1015 1091 1064 1118 ea
1092 1080 1145 1118 de
1173 1091 1302 1119 causa
1331 1093 1499 1120 errasse
1527 1084 1766 1122 censendus

129 1141 193 1178 est
231 1140 364 1179 Hiller
401 1153 441 1191 p.
474 1142 574 1192 233,
617 1154 713 1181 cum
755 1143 931 1183 Suidam
971 1156 1035 1194 ep.
1073 1144 1175 1183 Sim.
1209 1145 1259 1184 90
1294 1168 1346 1173 —-
1380 1148 1494 1196 quod
1523 1149 1764 1198 ceteroquin

117 1198 171 1244 ‘in
200 1205 451 1256 Anthologia
482 1207 672 1246 Palatina
702 1220 787 1246 non
817 1209 971 1259 legitur
999 1231 1051 1237 —-
1079 1221 1131 1248 ex
1161 1211 1286 1248 Anth.
1317 1211 1558 1260 Cephalana
1589 1214 1763 1262 petitum

129 1270 296 1319 glossae
337 1268 515 1324 Ποικίλη
558 1273 763 1312 adiecisse
805 1276 973 1323 putaret
1018 1274 1088 1325 (cf.
1134 1274 1159 1326 ξ
1204 1275 1255 1314 59
1297 1278 1337 1314 et
1383 1275 1408 1327 ξ
1450 1277 1558 1327 112).
1606 1279 1765 1318 Textus

131 1334 288 1375 Suidae
316 1338 487 1386 saepius
515 1338 662 1377 eadem
691 1339 875 1378 ostendit
900 1339 1000 1379 vitia
1025 1342 1154 1389 atque
1179 1341 1411 1380 Palatinus.
1446 1343 1764 1392 Epigrammata

131 1399 371 1441 Simonidea
409 1414 433 1441 a
475 1403 607 1443 Suida
645 1406 835 1454 respecta
873 1405 976 1444 haec
1014 1407 1135 1444 sunt:
1174 1418 1238 1456 ep.
1274 1407 1346 1445 141
1386 1407 1438 1458 (S.
1473 1421 1512 1447 v.
1548 1407 1760 1460 ὃαρετίου,

127 1465 179 1504 cf.
215 1465 240 1517 ξ
273 1466 433 1518 137,4);
465 1480 530 1518 ep.
566 1469 640 1510 144
674 1469 726 1520 (s.
761 1482 800 1509 v.
834 1467 935 1521 ἧσο,
964 1469 1120 1520 μελίαι,
1149 1471 1300 1523 mmo),
1330 1472 1557 1524 τέτρυσαι);
1588 1487 1652 1524 ep.
1688 1475 1764 1514 150

34 1541 46 1569 ,’
129 1529 181 1582 (S.
216 1544 255 1571 v.
289 1531 479 1585 ἀγοστῷ,
512 1535 564 1573 cf.
599 1547 640 1573 n.
677 1535 752 1574 155
781 1537 821 1573 et
852 1534 877 1586 ἓ
908 1536 956 1574 91
988 1548 1029 1586 p.
1065 1536 1179 1587 154);
1211 1549 1275 1586 ep.
1313 1538 1386 1576 179
1418 1537 1470 1589 (S.
1502 1551 1541 1578 v.
1574 1538 1763 1591 (ἶπεμορ-

46 1618 55 1652 j
127 1594 291 1648 ξάμην,
331 1597 579 1650 βουφάγος,
622 1598 835 1651 ἤρασσον,
877 1599 1126 1652 κατήλυσιν,
1167 1600 1325 1652 λάτρις,
1370 1601 1525 1654 ὄρεια);
1574 1616 1638 1654 ep.
1688 1605 1764 1644 180

128 1659 181 1712 (S.
215 1673 254 1700 v.
295 1662 519 1714 οἶνωπός);
558 1676 622 1714 ep.
659 1665 733 1704 183
775 1665 827 1716 (s.
863 1678 902 1705 v.
942 1665 1128 1717 γεραιός,
1166 1666 1334 1718 ἡμερίς,
1372 1666 1542 1719 λαρός);
1581 1681 1646 1719 ep.
1688 1671 1762 1709 184

128 1725 181 1776 (S.
206 1739 245 1766 v.
268 1726 446 1780 μολπή).
481 1730 531 1768 In
552 1730 619 1768 his
639 1730 976 1781 epigrammatis,
1006 1734 1219 1781 quatenus
1241 1745 1324 1771 non
1346 1733 1618 1773 librariorum
1639 1736 1761 1785 culpa

42 1819 46 1824 -
128 1791 357 1832 Simonidis
396 1806 550 1833 nomen
587 1798 862 1846 acceperunt,
908 1796 1064 1836 Suidas
1095 1800 1384 1847 repraesentat
1413 1799 1680 1838 traditionem
1715 1800 1757 1839 S.

180 1855 205 1908 ἓ
239 1858 326 1897 112.
387 1857 456 1898 De
483 1870 582 1910 epp.
611 1871 660 1899 esc
686 1859 992 1912 scriptoribus
1012 1860 1188 1912 petitis.
1237 1863 1302 1901 Ex
1332 1864 1612 1913 scriptoribus
1642 1878 1760 1914 prae-

123 1923 188 1962 ter
223 1923 350 1962 Anth.
390 1924 675 1975 Cephalanam
714 1927 869 1966 hausta
906 1928 1108 1977 leguntur
1145 1928 1259 1977 apud
1301 1928 1477 1967 Suidam
1519 1929 1760 1970 Simonidea

123 1998 218 2038 epp.
251 1988 374 2028 haec:

177 2053 255 2103 Ep.
287 2053 330 2092 in
361 2054 566 2094 Acronem
596 2068 630 2094 s.
664 2069 703 2095 v.
728 2055 910 2108 Ἄκρων.
951 2058 1064 2097 Fons
1095 2058 1296 2097 nimirum
1328 2060 1536 2109 Diogenes
1567 2061 1759 2099 Laertius

123 2117 169 2156 V.
203 2118 254 2157 68
294 2121 358 2158 est
402 2118 472 2170 (cf.
508 2119 534 2172 ξ
567 2120 649 2171 75).
697 2122 1031 2172 Epigrammatis
1073 2125 1257 2173 utraque
1298 2125 1468 2163 traditio
1515 2124 1564 2175 (A
1603 2127 1642 2164 et
1683 2125 1755 2175 S),

122 2194 232 2232 quae
259 2184 317 2223 ibi
344 2185 518 2236 legitur,
552 2198 576 2225 a
609 2187 741 2226 Suida
771 2188 987 2238 repetitur.

176 2249 254 2299 Ep.
287 2249 338 2289 90
376 2249 508 2301 (quod
538 2263 752 2301 nusquam
785 2252 1015 2292 Simonidis
1045 2255 1215 2293 nomine
1243 2255 1493 2305 insignitum
1523 2256 1753 2306 invenitur,

122 2313 174 2353 ef.
210 2313 236 2365 ἓ
266 2314 335 2365 44)
367 2327 401 2354 s.
435 2328 475 2354 v.
510 2313 701 2368 Ποικίλη.
732 2318 875 2357 Unum
903 2319 1164 2369 epigramma
1194 2319 1247 2358 ad
1276 2320 1402 2358 Anth.
1437 2320 1566 2369 Ceph.
1601 2321 1759 2360 referre

122 2379 254 2418 voluit
296 2380 428 2419 Hiller
473 2379 519 2432 (ξ
564 2381 615 2421 59
656 2385 695 2421 et
740 2381 765 2433 ἓ
812 2381 928 2433 111),
971 2395 1049 2422 nos
1078 2386 1208 2423 totam
1237 2385 1423 2434 glossam
1453 2386 1507 2424 ad
1537 2387 1757 2435 Ephorum

122 2444 280 2484 referre
307 2446 521 2485 malumus
553 2446 623 2497 (cf.
653 2446 679 2498 ξ
711 2447 795 2498 59).
830 2449 1045 2488 Incertum
1075 2451 1216 2488 autem
1245 2452 1330 2499 est,
1363 2461 1414 2488 ex
1443 2462 1529 2500 quo
1554 2452 1759 2501 scriptore

122 2510 283 2549 venerit
310 2510 353 2549 in
383 2522 537 2551 manus
570 2512 739 2552 Suidae.
775 2514 974 2553 Fortasse
1001 2514 1191 2553 eiusdem
1220 2517 1310 2553 erat
1340 2516 1507 2565 generis
1538 2519 1665 2566 atque
1694 2517 1752 2567 is,

34 2558 39 2598 ἶ
121 2574 187 2613 cui
219 2574 434 2615 Schwartz
464 2576 710 2616 PW.—RE.
745 2578 802 2616 II.
835 2578 913 2618 928
943 2590 1006 2628 sq.
1039 2579 1193 2618 debere
1225 2579 1401 2619 Suidam
1431 2583 1552 2630 putat

174 2639 252 2690 Ep.
274 2640 350 2680 138
379 2652 413 2680 s.
434 2654 474 2680 ν.
496 2639 751 2687 Παυσανίας.
782 2643 1052 2693 Quamquam
1081 2646 1121 2683 et
1149 2657 1201 2683 ex
1230 2647 1347 2684 textu
1377 2646 1410 2684 A
1439 2648 1478 2684 et
1506 2658 1558 2685 ex
1587 2647 1757 2686 nomine

163 2822 226 2866 155)
271 2824 417 2859 Suidam
449 2827 577 2860 librum
611 2827 678 2860 ΑΡ.
713 2828 790 2861 xm
824 2829 893 2861 iam
925 2829 969 2862 ab
994 2830 1100 2862 Antii.
1124 2829 1328 2871 Ceptialana
1352 2835 1576 2872 segregatum
1603 2832 1755 2872 novisse,

30 2890 58 2918 χ,
120 2889 188 2912 non
222 2891 263 2913 eo
295 2882 431 2915 scilicet
465 2887 620 2925 constat,
655 2885 748 2926 quod
788 2886 926 2917 nullum
962 2885 1070 2918 huius
1102 2886 1180 2918 libri
1212 2896 1264 2928 ep.
1299 2887 1439 2927 laudat,
1475 2888 1531 2919 sed
1567 2898 1625 2929 eo,
1661 2888 1753 2929 qnod

35 2955 46 2983 ᾗ
118 2935 270 2970 alterum
305 2938 477 2971 distichon
514 2950 566 2982 ep.
600 2940 654 2973 VI.
689 2940 755 2973 144
792 2951 830 2969 =
862 2940 947 2974 213*
979 2942 1119 2983 respicit
1150 2953 1175 2974 s.
1203 2953 1231 2975 v.
1263 2939 1419 2984 ἀγοστῷ;
1456 2944 1486 2974 id
1521 2944 1615 2975 enim
1650 2944 1752 2985 priori

118 2991 388 3035 interpolatione
417 2996 562 3029 accessit
593 3001 669 3039 post
700 2998 828 3030 librum
863 2998 929 3030 ΑΡ.
963 2998 1040 3030 xm
1072 2999 1303 3040 compositum
1336 2998 1394 3039 (cs.
1424 2998 1502 3039 §91
1542 3011 1571 3041 p.
1596 2999 1686 3033 161).
1712 3017 1750 3022 ——

48 3080 50 3082 ,
118 3047 249 3083 contra
280 3051 372 3084 haud
406 3052 477 3085 scio
507 3062 551 3085 an
586 3054 760 3107 planudes
791 3055 965 3095 integram
997 3055 1244 3097 Antiiologiam
1269 3055 1506 3097 Cepiiainnaiu
1534 3057 1754 3097 usurpaverit

30 3083 62 3120 '‘⁷'‘
118 3102 176 3148 (ct.
200 3104 218 3148 s
240 3105 284 3141 94
307 3117 338 3151 p.
363 3106 454 3150 170).

1576 3167 1619 3202 13
