2072 3568
391 256 491 305 Fap.
527 255 582 294 11.
1181 257 1228 296 4⁴

391 381 582 420 Attamen
621 392 735 420 anno
773 381 895 429 376s5
933 381 1109 420 imitatio
1138 381 1267 420 huius
1295 381 1615 432 epigrammatis
1642 385 1858 434 comparet
1884 382 1930 424 in
1956 394 2025 436 ep.

388 447 463 485 844
498 445 616 485 Kaib.
649 448 688 485 et
718 446 758 485 in
790 447 920 486 altera
950 447 1091 497 quarti
1122 447 1277 487 saeculi
1308 446 1501 498 pai-10¹³)
1533 447 1575 486 in
1607 446 1790 488 Xanthia
1818 379 2072 523 commin}

392 511 487 559 (768
519 511 675 561 Kaib..)
714 512 818 551 ‘wie
847 512 1005 551 kannte
1032 524 1078 551 es
1106 512 1182 551 der
1210 512 1400 563 lykischc
1430 512 1613 562 Dichter,
1646 512 1718 552 tm·
1745 512 1929 554 welchen
1952 512 2030 554 wir
2053 514 2072 605 Ξ

388 577 494 615 doch
518 577 625 615 wohl
650 577 717 616 die
739 577 994 628 Beuutzung
1015 577 1131 617 einer
1154 577 1485 629 buehmassigen
1512 577 1769 629 Sammlung
1786 577 2029 620 annehmen

390 643 561 682 msussen
576 642 628 682 ἓ.
690 674 698 682 .
726 673 734 682 .
778 641 919 683 Welclz
941 641 1233 695 zwinyender
1257 642 1424 683 Grund
1449 641 1560 695 lieyt
1584 654 1667 683 vor
1684 654 1741 684 zu
1764 641 2050 696 boetreitm,
2054 659 2072 714 Ξ

387 708 425 746 d
417 720 465 747 is
485 708 574 747 dies
592 708 840 759 Epigramm
863 708 950 747 und
971 708 1087 748 diese
1104 707 1360 760 Sammlung
1380 708 1489 748 nach
1509 708 1669 760 kaien
1688 708 1862 761 gelangt
1878 673 2072 758 sindff’}

388 773 598 823 Alterum,
626 774 740 824 quod
766 774 945 825 exempli
971 775 1061 814 loco
1085 774 1249 824 laudat,
1278 774 1540 825 epigramma
1565 774 1617 815 97
1643 765 2072 857 (Οοτίιιῦιίωωιι),Ξ
2054 784 2072 848 Ξ

387 838 499 888 quod
534 839 916 879 demonstrativum
946 839 1282 879 additamentum
1314 843 1516 879 nanctum
1545 842 1632 890 est,
1674 839 1759 880 huc
1786 850 1873 880 uon
1900 838 2026 892 tuost,
2069 833 2072 834 ⁷

387 904 588 953 quoniam
614 916 767 943 versus
793 905 1037 955 reprehensi
1062 905 1104 944 in
1130 905 1235 956 ipsis
1263 904 1457 956 Syuoges
1482 905 1672 956 reliquiis
1698 903 1800 956 (ΔΡ.
1813 903 1911 945 vll.
1926 903 2072 957 250)
2054 916 2072 963 Ξ

386 969 560 1018 desunt;
591 973 837 1021 comparent
865 971 977 1010 enim
1005 971 1177 1010 demum
1206 970 1319 1021 apud
1350 969 1577 1009 Aristidem
1607 969 1687 1010 512
1712 970 1761 1011 D.
1793 985 1846 1004 =
1876 969 1953 1012 163
1973 969 2024 1012 K.
2057 980 2072 1003 ⁴

387 1035 447 1073 Dc
474 1047 539 1085 ep.
573 1036 625 1075 cf.
661 1035 719 1087 §g
750 1035 824 1086 34,
857 1036 930 1086 61,
966 1036 1054 1076 141.
1101 1036 1292 1076 Tertium
1321 1035 1562 1086 exemplum
1592 1046 1659 1086 ep.
1693 1034 1771 1076 106
1800 1034 2051 1088 (Euryme-
2055 1035 2072 1096 ,ξ

385 1100 623 1151 dontium),
669 1113 930 1152 quamquam
974 1102 1017 1141 in
1062 1101 1144 1141 ΑΡ.
1190 1101 1345 1152 legitur
1386 1103 1515 1151 atque
1556 1100 1942 1142 demonstrativum
1980 1097 2072 1152 idq&

385 1176 479 1204 esse
508 1166 712 1216 concedo,
746 1169 885 1206 tamen
913 1178 1149 1217 numquam
1173 1166 1215 1206 in
1245 1166 1417 1217 Sylloge
1440 1165 1534 1216 ipsa
1558 1165 1740 1206 affuisse
1761 1165 2051 1206 demonstra·

387 1230 502 1270 bitur
532 1230 558 1282 ξ
592 1232 680 1271 127.

439 1297 555 1336 Talia
592 1297 899 1348 epigrammata
937 1298 1272 1337 demonstrativa
1310 1308 1408 1336 cum
1448 1308 1533 1336 non
1571 1298 1846 1337 aversaretur
1881 1289 2072 1346 whole}

387 1362 621 1413 Isocraten,
656 1374 724 1402 res
754 1363 1078 1403 Reitzensteinio
1107 1363 1149 1402 in
1179 1363 1324 1413 aprico
1351 1365 1436 1402 est:
1481 1362 1540 1402 ‘es
1566 1360 1756 1403 hindei-t
1781 1359 1934 1403 nidus
1958 1353 2072 1416 &ej

385 1427 532 1467 alteste
577 1428 833 1479 Sammlung
875 1429 1223 1468 simonideischer
1262 1428 1536 1479 Epigramme
1573 1427 1678 1467 oder
1716 1401 2072 1479 8813111111ηωῖ

388 1504 469 1531 von
500 1493 802 1544 Epigrammen
833 1506 912 1533 aus
941 1494 1022 1534 den
1054 1493 1408 1543 Perserkiimpi'en
1437 1492 1504 1532 bis
1534 1492 1577 1532 in
1605 1492 1675 1532 die
1699 1493 1814 1533 erate
1836 1492 1929 1533 zat
1948 1489 2062 1535 dm
2057 1483 2072 1567 ’Ξ

386 1558 595 1598 Isocrates
634 1559 999 1599 hinaufzuriicken
1040 1559 1128 1603 und
1167 1559 1241 1598 mit
1279 1559 1346 1598 ihr
1383 1558 1452 1598 die
1488 1558 1666 1598 altesten
1694 1556 2072 1620 epidauri-eheu}

386 1623 628 1664 Zuthaten'.
2064 1635 2072 1645 ·’

440 1689 566 1728 Doleo
603 1690 645 1729 in
682 1691 760 1730 hac
790 1693 909 1741 parte
937 1691 1033 1730 libri
1063 1702 1198 1741 aeque
1226 1691 1395 1730 venusti
1425 1702 1473 1730 ac
1502 1690 1642 1729 festivi
1673 1689 1814 1730 virum
1841 1666 2072 1773 datiani-E

386 1765 502 1793 mum
542 1757 763 1805 tantopere
799 1755 918 1795 abuti
947 1756 1117 1807 ingenio
1145 1758 1274 1806 atque
1302 1756 1482 1806 plectere
1510 1757 1644 1795 artem
1673 1754 1866 1806 logicam.
1908 1753 2026 1797 Atta-

386 1831 480 1858 men
519 1820 629 1859 duae
667 1832 735 1860 res
772 1821 815 1860 in
855 1822 923 1861 illa
957 1822 1311 1861 commentatione
1338 1822 1509 1871 insunt,
1550 1827 1725 1871 propter
1751 1830 1863 1871 quas
1889 1792 2072 1870 111111ὴὲ

383 1884 419 1923 ci
449 1886 728 1926 condonanda
758 1889 872 1926 sunt.
914 1887 1104 1926 Primum
1133 1887 1249 1937 quod
1278 1888 1412 1926 sensit
1439 1886 1782 1936 disquisitionem
1808 1885 1864 1926 de
1888 1886 2034 1936 aetate
2056 1905 2072 1956 Ξ

387 1950 580 2001 Sylloges
608 1952 822 1991 artissime
849 1952 1076 1992 cohaerere
1103 1964 1200 1992 cum
1229 1952 1479 2002 quaestione
1506 1952 1560 1991 de
1586 1952 1680 1991 eius
1706 1950 1894 2003 odglne,
1930 1952 2025 2001 tum
2051 1927 2072 2035 ’Ξ

384 2016 498 2065 quod
537 2018 701 2067 primus
738 2018 930 2057 omnium
959 2019 1073 2058 locos
1104 2018 1388 2069 Diogenianos
1419 2017 1536 2056 VIII.
1569 2017 1621 2057 60
1650 2019 1691 2056 et
1718 2016 1771 2058 65
1799 2017 1844 2056 in
1872 2013 2072 2073 Simo-'g

383 2079 549 2122 nideae
588 2084 850 2133 quaestionis
892 2084 1002 2123 fines
1045 2084 1231 2132 vocavit;
1275 2084 1348 2133 qui
1390 2083 1468 2123 loci
1506 2083 1561 2122 ab
1597 2082 1800 2122 omnibus
1837 2051 2072 2135 (pi-netur}
2056 2106 2072 2159 Ξ

386 2146 776 2198 Schneidewinum,
815 2149 888 2198 qui
917 2161 990 2188 eos
1019 2149 1204 2199 notavit,
1242 2151 1286 2188 at
1315 2160 1400 2188 non
1431 2148 1676 2199 usurpavit)
1706 2150 1807 2188 ante
1833 2147 2026 2188 Reitmw
2052 2165 2072 2239 Ξ

383 2212 580 2252 steinium
621 2214 819 2264 neglecti,
862 2226 915 2253 ne
953 2215 1007 2254 ab
1042 2214 1093 2253 iis
1122 2214 1292 2264 quidem
1323 2217 1425 2253 sunt
1455 2213 1656 2264 respecti,
1697 2213 1773 2264 qui
1799 2214 1898 2264 post
1922 2220 2029 2262 enm
2053 2235 2072 2289 ,Ξ

386 2277 672 2319 Simonideam
696 2280 987 2330 quaestionem
1012 2280 1279 2320 tractandam
1305 2279 1385 2318 sibi
1411 2280 1710 2329 sumpserunt,
1741 2277 2072 2329 Hauvetflumff

384 2343 479 2382 volo
506 2346 635 2394 atque
663 2345 1041 2384 Wilamowitzium.
2046 2349 2052 2354 ’

439 2407 464 2459 ἓ
495 2409 559 2448 24.
622 2409 689 2449 De
724 2411 909 2450 mutata
946 2409 1301 2462 epiqrammatis
1337 2408 1619 2450 condicione.
1678 2409 1799 2455 Quae
1826 2419 1928 2449 vero
1953 2418 2024 2450 ab

383 2477 584 2523 gumenta
604 2475 647 2514 in
671 2475 864 2527 Sylloges
888 2476 1229 2515 Simonidem-um
1249 2465 1605 2526 epigrammatum
1625 2476 1762 2514 aetate
1779 2473 2027 2516 definienda·
2052 2482 2068 2515 1

382 2539 617 2579 certissima
653 2551 702 2579 ac
739 2540 951 2579 tutissima
989 2552 1084 2579 esse
1113 2541 1301 2590 possint,
1341 2551 1575 2590 exponam,
1617 2542 1846 2590 postquam
1872 2538 2025 2590 paucis
2059 2560 2065 2590 ,-

382 2603 468 2642 dixi
492 2604 545 2643 de
569 2608 731 2643 mutato
753 2605 1071 2655 epigrammatis
1096 2608 1224 2645 statu.
1258 2606 1364 2644 Nam
1389 2605 1707 2644 concedendum
1729 2605 1796 2644 est
1816 2603 2049 2662 Syllogart'¹

383 2680 430 2708 ca
468 2669 637 2708 demum
676 2672 811 2709 aetate
843 2670 1087 2709 concinnari
1117 2670 1328 2720 potuisse,
1370 2681 1466 2709 cum
1496 2670 1673 2720 antiqua
1701 2668 2022 2721 epigrammatis
2039 2668 2064 2724 χ

383 2734 593 2783 condicio,
634 2746 719 2784 qua
748 2738 896 2774 auctor
926 2735 1238 2786 neglegeretur,
1279 2735 1538 2774 evanuisset.
1586 2735 1637 2773 In
1667 2724 2048 2789 inscriptionibus¹

382 2802 523 2839 autem
553 2800 799 2839 mutationis
828 2800 940 2839 illius
970 2800 1147 2851 vestigia
1178 2801 1249 2838 vix
1276 2800 1578 2850 ostenduntur,
1610 2811 1709 2839 cum
1730 2797 2020 2851 nihilomagis
2054 2813 2062 2837 ί

382 2876 511 2913 quam
550 2867 673 2903 antea
711 2865 911 2904 marmori
951 2865 1124 2904 inscribi
1163 2866 1294 2904 soleat
1324 2867 1471 2915 poetae
1497 2864 1818 2915 epigrammatis
1846 2863 2016 2911 nom.
2054 2856 2061 2886 s

385 2929 463 2967 His
491 2929 661 2968 demum
691 2930 816 2969 annis
845 2930 1000 2980 publici
1030 2930 1136 2969 iuris
1165 2930 1274 2969 facta
1302 2933 1366 2969 est
1395 2929 1613 2980 inscriptio
1641 2930 1747 2969 satis
1773 2929 2020 2980 antiquae!
2053 2920 2059 2923 “

2051 1181 2072 1261 ³

429 3076 472 3115 ¹²3)
518 3077 573 3109 Sic.
604 3083 700 3110 aetas
732 3078 967 3119 inscriptionis
998 3078 1167 3111 delinitur
1197 3078 1282 3111 ClG.
1317 3077 1421 3111 ⁴269:
1452 3082 1489 3110 nt
1514 3078 1616 3109 hodie
1638 3081 1777 3109 constat
1799 3086 1879 3109 eam
1905 3075 2019 3109 multo
2053 3066 2059 3096 Ῑ

382 3141 457 3163 esse
483 3133 739 3175 antiquiorem,
767 3133 811 3166 cf.
835 3133 852 3174 ἓ
875 3133 951 3166 1‘22.
