2072 3568
925 232 1001 271 167
1547 232 1572 284 g
1604 233 1775 272 92—94.

63 331 82 351 ⁴⁷
146 358 278 409 ratio,
328 370 413 408 qua
459 357 716 397 constituere
763 357 928 395 studuit
974 358 1141 406 praeter
1182 357 1253 395 lib.
1297 357 1354 395 IV
1396 357 1449 395 ad
1493 357 1779 406 Cephalanam

144 424 439 474 Anthologiam
476 423 687 473 pertinere
723 434 815 461 eam
845 424 1011 461 tantum
1039 422 1166 461 Anth.
1197 422 1284 461 Pal.
1313 423 1499 471 partem,
1541 422 1663 461 cuius
1694 425 1779 461 tex—

55 487 78 545 -J
144 491 215 530 tus
251 501 276 528 a
313 489 464 528 scribis
501 489 537 526 A
572 489 613 526 et
648 488 675 526 J
715 489 917 526 exaratus
954 489 1066 526 esset
1097 486 1254 538 (usque
1281 487 1334 526 ad
1364 488 1436 525 IX.
1466 486 1586 537 563),
1628 487 1779 526 funda-

53 548 79 596 Ῑ,
144 556 289 604 mento
327 554 476 593 nititur
520 553 682 592 vitioso.
734 553 854 592 Mitto
897 553 1012 602 quod
1054 552 1367 602 condicionem,
1415 564 1524 601 quae
1565 554 1629 591 est
1670 553 1780 591 inter

10 659 12 668 ,
50 631 68 675 ⁴J
145 614 306 659 scribas
343 619 400 668 A,
433 619 488 668 -J,
532 619 586 668 B,
629 630 715 657 non
754 619 864 657 recte
900 618 1121 666 intellexit;
1165 618 1280 667 quod
1318 619 1460 656 autem
1498 618 1705 667 imprimis
1743 618 1778 656 ei

10 719 11 726 ,
61 694 65 697 ·
144 686 395 735 argumento
431 686 516 734 est,
562 683 739 722 Suidam
777 683 1020 734 diligentem
1051 684 1319 733 Cephalanae
1346 683 1623 733 Anthologiae
1650 695 1779 721 usua—

144 750 254 789 rium
287 752 454 798 tantum
483 750 595 788 intra
624 749 733 788 fines
762 750 1112 788 commemoratos
1141 749 1317 787 laudare
1345 749 1474 787 huius
1504 748 1780 798 Anthologiae

6 855 15 881 i,
142 815 468 866 epigrammata,
512 814 785 864 redarguitur
822 826 892 864 eo,
934 814 1048 863 quod
1083 837 1133 840 —
1163 814 1304 853 nescio
1333 825 1386 852 an
1416 814 1457 852 id
1487 813 1678 852 nondum
1707 813 1778 851 ob-

6 891 8 893 ’
143 882 360 920 servatum
398 881 452 919 sit
488 903 538 907 —
581 879 737 919 Suidas
771 891 849 930 pro
878 882 998 929 parte
1025 881 1191 918 tantum
1221 879 1431 928 excerpsit
1459 878 1583 917 Anth.
1619 878 1778 927 Cepha-

7 943 12 995 ’ξ
141 946 302 995 lanam;
332 948 428 996 post
456 958 520 996 ep.
545 946 639 984 VII.
669 946 745 984 244
775 945 958 984 maxime
986 944 1207 983 duodecim
1237 944 1420 993 respexit
1449 944 1774 993 epigrammata,

3 1005 6 1010 ’
41 1038 69 1063 ;,
142 1022 238 1050 cum
275 1011 374 1050 inde
410 1011 464 1050 ab
501 1011 620 1050 initio
656 1011 753 1049 libri
792 1010 1024 1060 Cephalani
1061 1008 1084 1048 I
1124 1008 1194 1060 (=
1230 1009 1313 1047 ΑΡ.
1343 1007 1394 1059 V)
1426 1020 1565 1058 usque
1592 1009 1647 1047 ad
1675 1009 1778 1047 illud

7 1072 11 1109 ἓ
67 1085 82 1110 .’
141 1087 206 1126 ep.
233 1077 518 1126 perlustrasse
546 1076 742 1115 videatur
769 1076 1076 1126 epigrammata
1104 1074 1246 1113 omnia
1278 1073 1349 1124 (ci.
1381 1073 1406 1124 ἓ
1440 1072 1548 1123 111).

195 1141 357 1187 Quodsi
393 1141 487 1180 iure
525 1141 737 1180 Stratonis
775 1141 899 1179 Musa
937 1140 1117 1179 Puerilis
1153 1138 1273 1190 (XII)
1304 1139 1481 1178 ultimus
1512 1138 1779 1188 Cephalanae

8 1246 10 1257 ς
44 1199 71 1262 ‘s
141 1205 417 1257 Anthologiae
443 1207 549 1246 liber
577 1207 778 1256 habetur,
812 1206 935 1244 nobis
965 1205 1257 1255 quaerendum
1286 1207 1372 1254 est,
1405 1204 1520 1242 unde
1543 1204 1777 1253 propagata

8 1294 13 1309 2
43 1280 58 1290 ¹
142 1271 227 1310 sint
253 1261 559 1322 epigrammata
589 1270 882 1321 Simonidea,
916 1283 1026 1320 quae
1053 1271 1255 1320 leguntur
1283 1270 1326 1308 in
1356 1269 1465 1308 libro
1495 1270 1622 1318 XIII,
1656 1269 1776 1318 quid-

141 1347 225 1386 que
251 1337 404 1376 horum
433 1337 789 1387 epigrammatum
818 1336 952 1375 titulis
984 1335 1239 1375 Simonideis
1268 1335 1544 1374 tribuendum
1575 1335 1641 1373 sit.
1686 1335 1778 1373 Hac

141 1401 194 1441 de
229 1414 358 1442 causa
394 1402 438 1441 in
477 1402 729 1441 universum
767 1402 820 1440 de
856 1402 1020 1452 origine
1056 1401 1153 1440 libri
1190 1401 1272 1439 ΑΡ.
1312 1401 1440 1450 ΧΙΙΙ,
1483 1400 1556 1449 qui
1592 1400 1777 1438 continet

141 1467 496 1517 epigrammatum
527 1467 657 1506 variis
686 1467 832 1506 metris
861 1467 1198 1516 conscriptorum
1229 1466 1402 1515 seriem,
1436 1467 1499 1504 est
1529 1465 1772 1503 videndum.

47 1526 64 1571 ἓ
143 1532 260 1571 Duae
300 1532 353 1571 de
394 1544 470 1582 ea,
522 1533 732 1581 quantum
775 1532 887 1582 scio,
938 1533 1083 1570 extant
1125 1531 1372 1580 opiniones,
1419 1541 1604 1579 quarum
1646 1530 1776 1568 altera

139 1597 351 1636 Woltersii
402 1609 583 1647 prorsus
634 1597 845 1636 reicienda
897 1597 999 1635 mihi
1050 1597 1239 1646 videtur,
1295 1596 1424 1634 altera
1474 1595 1777 1633 Wilamowitzii

65 1675 70 1678 ·
141 1662 409 1712 aliquatenus
437 1662 716 1701 immutanda.
750 1662 931 1701 Wolters
955 1661 1014 1712 (p.
1036 1661 1130 1711 113)
1157 1673 1240 1700 non
1264 1661 1496 1710 dubitavit,
1535 1659 1651 1708 ‘quin
1675 1660 1777 1698 haec

45 1720 67 1766 ³3.
140 1727 445 1778 epigrammata
486 1727 562 1779 (sc.
590 1727 687 1766 libri
717 1726 842 1778 XIII)
881 1727 1023 1766 omnia
1053 1728 1127 1766 aut
1155 1738 1203 1765 eo
1232 1726 1406 1765 consilio
1435 1727 1635 1775 congesta
1665 1725 1772 1774 sint,

51 1792 67 1831 7*
140 1794 188 1832 ut
225 1793 496 1842 scriptionem
526 1793 712 1842 aliquam
741 1791 836 1843 περὶ
862 1791 1098 1844 ποιήματος
1125 1792 1410 1840 illustrarent,
1453 1792 1527 1829 aut
1555 1789 1670 1839 quod
1702 1787 1774 1839 (ei)

58 1862 64 1884 ’-“
141 1858 412 1897 verisimilius
441 1858 622 1908 videtur,
655 1870 706 1897 ex
735 1858 807 1897 tali
835 1858 944 1896 libro
972 1855 1199 1907 excerpta’.
1234 1856 1455 1895 Metricum
1485 1855 1613 1893 huius
1637 1855 1777 1904 operis

39 1914 57 1968 ζ
140 1926 354 1963 auctorem
393 1923 551 1962 vixisse
588 1923 754 1973 putavit
790 1923 949 1973 optimo
986 1925 1201 1971 tempore,
1248 1921 1451 1970 quoniam
1490 1921 1654 1958 nullum
1692 1920 1776 1969 epi-

6 1989 9 2042 ,
50 1991 62 2014 '³
139 2000 333 2039 gramma
370 1989 451 2038 ipsi
489 1988 657 2027 videtur
695 1989 864 2027 saeculo
901 1990 999 2027 ante
1037 1988 1136 2027 Chr.
1171 1999 1212 2026 n.
1245 1987 1368 2026 tertio
1407 1986 1630 2025 recentius.
1679 1986 1775 2035 Epi-

140 2065 332 2104 gramma
369 2054 481 2093 enim
519 2054 706 2103 primum
746 2053 885 2104 (XIII.
924 2052 990 2104 1),
1031 2055 1079 2092 ut
1117 2052 1368 2091 sententiam
1408 2062 1532 2090 suam
1560 2052 1772 2100 tueretur,

6 2131 7 2135 ¹
62 2160 66 2162 ,
140 2130 226 2158 non
254 2131 279 2158 a
308 2119 502 2169 Philippo
531 2119 921 2168 Thessalonicensi,
955 2130 1082 2168 quem
1107 2130 1159 2157 ex
1182 2117 1305 2156 titulo
1326 2114 1534 2155 Φιλίππου
1561 2117 1774 2154 auctorem

139 2195 234 2223 esse
260 2184 502 2234 arbitreris,
535 2184 772 2223 confectum
801 2195 896 2222 esse
924 2183 1089 2223 censuit
1109 2182 1194 2233 139).
1228 2181 1502 2221 Wilamowitz
1533 2181 1678 2219 Herm.
1707 2180 1771 2218 20.

142 2248 243 2288 1885
268 2261 309 2299 p.
328 2249 378 2288 62
404 2261 445 2288 n.
468 2249 488 2287 1
515 2249 727 2288 Woltersii
751 2249 991 2298 opinionem
1016 2247 1157 2287 reiecit
1181 2247 1247 2285 his
1274 2246 1434 2285 verbis:
1466 2245 1579 2284 ‘dass
1603 2245 1774 2295 jemand

68 2307 74 2316 ²
139 2313 232 2353 eine
271 2314 525 2364 Sammlung
561 2312 608 2353 ἐκ
648 2311 871 2365 διαφόρων
907 2312 1076 2365 μέτρων
1113 2313 1188 2351 auf
1225 2311 1376 2351 Grund
1412 2322 1590 2349 unserer
1619 2310 1774 2348 Antho-

139 2378 248 2429 logie
286 2378 348 2430 (in
385 2379 521 2417 einem
559 2378 668 2418 nach
707 2378 897 2429 Philipp,
940 2390 1017 2417 vor
1055 2377 1266 2427 Kephalas
1301 2376 1520 2426 liegenden
1559 2373 1772 2423 Stadium)

57 2446 69 2460 ‘⁴
140 2444 334 2494 angelegt
362 2443 492 2494 habe,
525 2443 614 2482 und
643 2443 783 2483 davon
813 2444 880 2482 ein
909 2443 1120 2493 diirftiges
1149 2443 1333 2491 Excerpt
1357 2442 1399 2479 in
1426 2441 1493 2479 die
1520 2440 1776 2489 Sammlung

63 2548 66 2550 ,
139 2507 215 2548 des
244 2508 463 2548 Palatinus
491 2509 662 2559 gelangt
691 2509 772 2559 sei,
806 2508 971 2548 scheint
1000 2508 1115 2547 nicht
1143 2504 1448 2546 befremdlich’.

194 2573 310 2613 Haec
329 2574 633 2614 Wilamowitzii
654 2574 762 2614 ratio
781 2574 951 2613 duabus
972 2574 1015 2612 in
1039 2573 1167 2612 rebus
1189 2572 1439 2622 corrigenda
1462 2571 1563 2609 mihi
1587 2570 1773 2609 videtur:

142 2637 183 2689 1)
230 2639 345 2688 quod
373 2639 470 2678 libri
500 2640 605 2678 XIII
634 2640 941 2690 epigrammata
971 2650 1056 2677 non
1086 2650 1137 2677 ex
1166 2637 1361 2686 fontibus,
1387 2637 1595 2686 Cephalae
1624 2636 1697 2674 sed
1727 2647 1775 2674 ez

69 2719 76 2730 ²
146 2702 410 2756 Cephalana
437 2703 726 2756 Antkoloyia
752 2703 859 2755 ipsa
886 2705 1110 2753 desumpta
1139 2715 1232 2742 esse
1261 2704 1382 2752 puto;
1413 2701 1455 2752 2)
1481 2701 1595 2751 quod
1618 2701 1773 2739 librum

62 2767 63 2770 ’
142 2769 247 2808 XIII
285 2781 370 2809 non
408 2782 460 2809 ex
497 2770 655 2810 maiore
692 2770 1047 2820 epigrammatum
1086 2769 1216 2807 variis
1254 2768 1399 2807 metris
1435 2767 1773 2816 conscriptorum

52 2839 64 2892 ‘J
141 2834 249 2874 serie
275 2837 519 2885 excerptum
548 2835 622 2874 sed
651 2834 885 2886 inteyrum
912 2846 1007 2874 esse
1034 2834 1230 2873 arbitror.

193 2899 431 2950 Antequam
481 2900 612 2940 huius
661 2901 874 2951 opinionis
925 2901 1177 2950 argumenta
1228 2899 1432 2947 afferam,
1489 2908 1661 2935 necesse
1711 2896 1774 2933 est

48 2954 66 3011 J
141 2963 434 3004 demonstrare
468 2965 625 3004 librum
662 2966 767 3004 XIII
797 2964 1110 3015 quodammodo
1139 2965 1366 3013 cognatum
1396 2974 1490 3000 esse
1518 2973 1613 3000 curn
1644 2960 1768 2999 Anth.

186 3098 248 3141 1³9)
294 3100 366 3134 Hoc
388 3105 443 3134 est
464 3111 537 3143 ep„
563 3101 606 3134 de
629 3111 701 3144 quo
724 3102 794 3134 iam
818 3101 888 3133 dixi
911 3110 1018 3142 supra
1042 3101 1058 3140 ,ξ
1081 3099 1120 3132 91
1148 3099 1269 3141 (supra
1293 3109 1323 3140 p.
1349 3098 1439 3138 1159).
