<?xml version="1.0" encoding="UTF-8"?>
<!DOCTYPE html PUBLIC "-//W3C//DTD XHTML 1.0 Transitional//EN"
    "http://www.w3.org/TR/xhtml1/DTD/xhtml1-transitional.dtd">
<html xmlns="http://www.w3.org/1999/xhtml" xml:lang="en" lang="en">
 <head>
  <title>
</title>
<meta http-equiv="Content-Type" content="text/html;charset=utf-8" />
  <meta name='ocr-system' content='tesseract 3.04.00' />
  <meta name='ocr-capabilities' content='ocr_page ocr_carea ocr_par ocr_line ocrx_word'/>
</head>
<body>
  <div class='ocr_page' id='page_1' title='image "./deepigrammatasim00boasuoft_0028.png"; bbox 0 0 2072 3568; ppageno 0'>
   <div class='ocr_carea' id='block_1_1' title="bbox 1947 0 2072 308">
    <p class='ocr_par' dir='ltr' id='par_1_1' title="bbox 1947 0 2072 308">
     <span class='ocr_line' id='line_1_1' title="bbox 1947 0 2072 308; baseline 0 0"><span class='ocrx_word' id='word_1_1' title='bbox 1947 0 2072 308; x_wconf 95' lang='lat' dir='ltr'><strong>  </strong></span> 
     </span>
    </p>
   </div>
   <div class='ocr_carea' id='block_1_2' title="bbox 340 230 2072 3146">
    <p class='ocr_par' dir='ltr' id='par_1_2' title="bbox 340 230 2072 930">
     <span class='ocr_line' id='line_1_2' title="bbox 342 230 2067 293; baseline -0.001 -19"><span class='ocrx_word' id='word_1_2' title='bbox 342 234 442 284; x_wconf 85' lang='lat' dir='ltr'><strong>Cap.</strong></span> <span class='ocrx_word' id='word_1_3' title='bbox 478 233 510 272; x_wconf 92' lang='lat'><strong>1.</strong></span> <span class='ocrx_word' id='word_1_4' title='bbox 1146 230 1172 269; x_wconf 84' lang='grc'>6</span> <span class='ocrx_word' id='word_1_5' title='bbox 2022 251 2067 293; x_wconf 66' lang='lat'><strong>&#39;1&#39;</strong></span> 
     </span>
     <span class='ocr_line' id='line_1_3' title="bbox 396 312 2072 408; baseline -0.001 -11"><span class='ocrx_word' id='word_1_6' title='bbox 396 357 422 408; x_wconf 53' lang='grc' dir='ltr'><strong>ξ</strong></span> <span class='ocrx_word' id='word_1_7' title='bbox 452 359 489 398; x_wconf 85' lang='lat'><strong>5.</strong></span> <span class='ocrx_word' id='word_1_8' title='bbox 550 367 583 396; x_wconf 71' lang='grc' dir='ltr'><strong>ο.</strong></span> <span class='ocrx_word' id='word_1_9' title='bbox 647 356 832 396; x_wconf 68' lang='lat' dir='ltr'><strong>xamen</strong></span> <span class='ocrx_word' id='word_1_10' title='bbox 880 355 979 405; x_wconf 69' lang='lat' dir='ltr'><strong>(mn.</strong></span> <span class='ocrx_word' id='word_1_11' title='bbox 1014 355 1124 395; x_wconf 78' lang='lat' dir='ltr'><strong>Mus.</strong></span> <span class='ocrx_word' id='word_1_12' title='bbox 1162 353 1262 394; x_wconf 83' lang='lat'>1873</span> <span class='ocrx_word' id='word_1_13' title='bbox 1292 343 1332 405; x_wconf 78' lang='grc' dir='ltr'><strong>ρ’.</strong></span> <span class='ocrx_word' id='word_1_14' title='bbox 1365 353 1443 393; x_wconf 76' lang='lat'><strong>437</strong></span> <span class='ocrx_word' id='word_1_15' title='bbox 1472 356 1512 393; x_wconf 75' lang='lat' dir='ltr'><strong>et</strong></span> <span class='ocrx_word' id='word_1_16' title='bbox 1541 351 1667 393; x_wconf 72' lang='lat' dir='ltr'><strong>GGA.</strong></span> <span class='ocrx_word' id='word_1_17' title='bbox 1702 333 1805 395; x_wconf 77' lang='lat'>189’2</span> <span class='ocrx_word' id='word_1_18' title='bbox 1831 362 1876 406; x_wconf 76' lang='lat' dir='ltr'><strong>p.</strong></span> <span class='ocrx_word' id='word_1_19' title='bbox 1905 350 1980 406; x_wconf 70' lang='lat' dir='ltr'><strong>ac)</strong></span> <span class='ocrx_word' id='word_1_20' title='bbox 2050 312 2072 357; x_wconf 41' lang='grc' dir='ltr'>ἓ</span> 
     </span>
     <span class='ocr_line' id='line_1_4' title="bbox 343 416 2072 477; baseline -0.001 -15"><span class='ocrx_word' id='word_1_21' title='bbox 343 435 477 473; x_wconf 80' lang='lat' dir='ltr'><strong>neque</strong></span> <span class='ocrx_word' id='word_1_22' title='bbox 515 422 642 462; x_wconf 83' lang='lat' dir='ltr'><strong>verba</strong></span> <span class='ocrx_word' id='word_1_23' title='bbox 671 420 756 465; x_wconf 63' lang='grc' dir='ltr'><strong>ἔξω</strong></span> <span class='ocrx_word' id='word_1_24' title='bbox 787 442 837 450; x_wconf 86' lang='lat'><strong>—-</strong></span> <span class='ocrx_word' id='word_1_25' title='bbox 866 419 1109 472; x_wconf 70' lang='grc' dir='ltr'><em>ἐπίγραμμα</em></span> <span class='ocrx_word' id='word_1_26' title='bbox 1139 419 1325 459; x_wconf 82' lang='lat' dir='ltr'><strong>eicienda</strong></span> <span class='ocrx_word' id='word_1_27' title='bbox 1357 422 1499 458; x_wconf 84' lang='lat' dir='ltr'><strong>censet</strong></span> <span class='ocrx_word' id='word_1_28' title='bbox 1529 429 1668 468; x_wconf 86' lang='lat' dir='ltr'><strong>neque</strong></span> <span class='ocrx_word' id='word_1_29' title='bbox 1695 417 1739 459; x_wconf 83' lang='lat' dir='ltr'><strong>in</strong></span> <span class='ocrx_word' id='word_1_30' title='bbox 1766 418 1821 459; x_wconf 74' lang='lat' dir='ltr'><strong>ils</strong></span> <span class='ocrx_word' id='word_1_31' title='bbox 1846 416 1983 460; x_wconf 67' lang='lat' dir='ltr'><strong>ossen-</strong></span> <span class='ocrx_word' id='word_1_32' title='bbox 2043 418 2072 477; x_wconf 49' lang='grc' dir='ltr'>ἦ</span> 
     </span>
     <span class='ocr_line' id='line_1_5' title="bbox 340 482 2070 536; baseline -0.001 -9"><span class='ocrx_word' id='word_1_33' title='bbox 340 489 456 527; x_wconf 85' lang='lat' dir='ltr'><strong>ditur</strong></span> <span class='ocrx_word' id='word_1_34' title='bbox 484 487 749 535; x_wconf 81' lang='lat' dir='ltr'><strong>accusativo,</strong></span> <span class='ocrx_word' id='word_1_35' title='bbox 782 498 907 536; x_wconf 81' lang='lat' dir='ltr'><strong>quem</strong></span> <span class='ocrx_word' id='word_1_36' title='bbox 933 497 984 525; x_wconf 85' lang='lat' dir='ltr'><strong>ex</strong></span> <span class='ocrx_word' id='word_1_37' title='bbox 1010 485 1206 525; x_wconf 86' lang='lat' dir='ltr'><strong>liberiore</strong></span> <span class='ocrx_word' id='word_1_38' title='bbox 1231 487 1447 524; x_wconf 72' lang='lat' dir='ltr'>structura</span> <span class='ocrx_word' id='word_1_39' title='bbox 1473 483 1772 535; x_wconf 85' lang='lat' dir='ltr'><strong>explicandum</strong></span> <span class='ocrx_word' id='word_1_40' title='bbox 1795 482 1979 534; x_wconf 64' lang='lat' dir='ltr'><strong>indm.</strong></span> <span class='ocrx_word' id='word_1_41' title='bbox 2064 486 2070 491; x_wconf 84' lang='grc'><em>’</em></span> 
     </span>
     <span class='ocr_line' id='line_1_6' title="bbox 342 545 2072 601; baseline -0.002 -8"><span class='ocrx_word' id='word_1_42' title='bbox 342 565 439 593; x_wconf 73' lang='lat' dir='ltr'><strong>nain</strong></span> <span class='ocrx_word' id='word_1_43' title='bbox 482 552 808 591; x_wconf 76' lang='lat' dir='ltr'><strong>‘obversabatur</strong></span> <span class='ocrx_word' id='word_1_44' title='bbox 845 550 1041 601; x_wconf 78' lang='lat' dir='ltr'><strong>scriptori</strong></span> <span class='ocrx_word' id='word_1_45' title='bbox 1072 550 1153 590; x_wconf 81' lang='lat' dir='ltr'><strong>inm</strong></span> <span class='ocrx_word' id='word_1_46' title='bbox 1184 549 1287 589; x_wconf 87' lang='lat' dir='ltr'><strong>illud</strong></span> <span class='ocrx_word' id='word_1_47' title='bbox 1317 549 1432 599; x_wconf 83' lang='lat' dir='ltr'><strong>quod</strong></span> <span class='ocrx_word' id='word_1_48' title='bbox 1462 549 1605 589; x_wconf 85' lang='lat' dir='ltr'><strong>statim</strong></span> <span class='ocrx_word' id='word_1_49' title='bbox 1635 548 1833 600; x_wconf 78' lang='lat' dir='ltr'><strong>sequitur</strong></span> <span class='ocrx_word' id='word_1_50' title='bbox 1859 558 1983 590; x_wconf 64' lang='lat' dir='ltr'><strong>vom·</strong></span> <span class='ocrx_word' id='word_1_51' title='bbox 2064 545 2072 549; x_wconf 69' lang='grc'><strong><em>’</em></strong></span> 
     </span>
     <span class='ocr_line' id='line_1_7' title="bbox 342 613 2072 669; baseline -0.001 -11"><span class='ocrx_word' id='word_1_52' title='bbox 342 619 487 658; x_wconf 87' lang='lat' dir='ltr'><strong>bulum</strong></span> <span class='ocrx_word' id='word_1_53' title='bbox 531 615 806 669; x_wconf 50' lang='grc' dir='ltr'><strong>ἐπιγράφειν,</strong></span> <span class='ocrx_word' id='word_1_54' title='bbox 854 618 974 662; x_wconf 79' lang='lat' dir='ltr'><strong>Quae</strong></span> <span class='ocrx_word' id='word_1_55' title='bbox 1015 615 1205 666; x_wconf 75' lang='lat' dir='ltr'>exceptio</span> <span class='ocrx_word' id='word_1_56' title='bbox 1250 615 1328 654; x_wconf 85' lang='lat' dir='ltr'><strong>hac</strong></span> <span class='ocrx_word' id='word_1_57' title='bbox 1365 614 1575 654; x_wconf 83' lang='lat' dir='ltr'><strong>sententia</strong></span> <span class='ocrx_word' id='word_1_58' title='bbox 1612 613 1884 666; x_wconf 65' lang='lat' dir='ltr'><strong>significatur</strong></span> <span class='ocrx_word' id='word_1_59' title='bbox 1918 624 1981 656; x_wconf 72' lang='grc' dir='ltr'><strong>σο.</strong></span> <span class='ocrx_word' id='word_1_60' title='bbox 2062 658 2072 665; x_wconf 58' lang='grc'>,</span> 
     </span>
     <span class='ocr_line' id='line_1_8' title="bbox 342 678 2072 734; baseline -0.002 -11"><span class='ocrx_word' id='word_1_61' title='bbox 342 684 669 734; x_wconf 70' lang='lat' dir='ltr'><strong>Amphictyones</strong></span> <span class='ocrx_word' id='word_1_62' title='bbox 709 694 793 722; x_wconf 90' lang='lat' dir='ltr'><strong>non</strong></span> <span class='ocrx_word' id='word_1_63' title='bbox 833 682 988 731; x_wconf 79' lang='lat' dir='ltr'><strong>tuisse,</strong></span> <span class='ocrx_word' id='word_1_64' title='bbox 1030 681 1103 732; x_wconf 85' lang='lat' dir='ltr'><strong>qui</strong></span> <span class='ocrx_word' id='word_1_65' title='bbox 1141 682 1278 720; x_wconf 87' lang='lat' dir='ltr'><strong>vatem</strong></span> <span class='ocrx_word' id='word_1_66' title='bbox 1309 680 1432 720; x_wconf 88' lang='lat' dir='ltr'><strong>titulo</strong></span> <span class='ocrx_word' id='word_1_67' title='bbox 1459 682 1764 730; x_wconf 87' lang='lat' dir='ltr'><strong>exornassent,</strong></span> <span class='ocrx_word' id='word_1_68' title='bbox 1803 678 1984 721; x_wconf 68' lang='lat' dir='ltr'><strong>eandm</strong></span> <span class='ocrx_word' id='word_1_69' title='bbox 2071 729 2072 732; x_wconf 11' lang='grc' dir='ltr'><strong>Ἴ</strong></span> 
     </span>
     <span class='ocr_line' id='line_1_9' title="bbox 341 744 1984 796; baseline -0.002 -8"><span class='ocrx_word' id='word_1_70' title='bbox 341 749 555 788; x_wconf 84' lang='lat' dir='ltr'><strong>continere</strong></span> <span class='ocrx_word' id='word_1_71' title='bbox 605 751 747 787; x_wconf 86' lang='lat' dir='ltr'><strong>censet</strong></span> <span class='ocrx_word' id='word_1_72' title='bbox 796 748 971 787; x_wconf 86' lang='lat' dir='ltr'><strong>alteram</strong></span> <span class='ocrx_word' id='word_1_73' title='bbox 1021 746 1255 786; x_wconf 81' lang='lat' dir='ltr'><strong>sententiae</strong></span> <span class='ocrx_word' id='word_1_74' title='bbox 1303 748 1465 796; x_wconf 88' lang='lat' dir='ltr'><strong>partem</strong></span> <span class='ocrx_word' id='word_1_75' title='bbox 1515 745 1672 785; x_wconf 85' lang='lat' dir='ltr'><strong>scilieet</strong></span> <span class='ocrx_word' id='word_1_76' title='bbox 1721 744 1984 787; x_wconf 76' lang='lat' dir='ltr'><strong>Simonidem</strong></span> 
     </span>
     <span class='ocr_line' id='line_1_10' title="bbox 342 807 2072 863; baseline -0.002 -9"><span class='ocrx_word' id='word_1_77' title='bbox 342 814 496 863; x_wconf 75' lang='lat' dir='ltr'><strong>inisse,</strong></span> <span class='ocrx_word' id='word_1_78' title='bbox 544 814 615 863; x_wconf 83' lang='lat' dir='ltr'><strong>qui</strong></span> <span class='ocrx_word' id='word_1_79' title='bbox 662 814 770 853; x_wconf 81' lang='lat' dir='ltr'><strong>vatis</strong></span> <span class='ocrx_word' id='word_1_80' title='bbox 812 813 983 863; x_wconf 81' lang='lat' dir='ltr'>cippum</span> <span class='ocrx_word' id='word_1_81' title='bbox 1026 811 1214 852; x_wconf 75' lang='lat' dir='ltr'><strong>carmine</strong></span> <span class='ocrx_word' id='word_1_82' title='bbox 1255 811 1570 851; x_wconf 79' lang='lat' dir='ltr'><strong>exornavisset:</strong></span> <span class='ocrx_word' id='word_1_83' title='bbox 1614 808 1660 850; x_wconf 78' lang='grc' dir='ltr'><strong>τὸ</strong></span> <span class='ocrx_word' id='word_1_84' title='bbox 1701 811 1776 850; x_wconf 77' lang='grc' dir='ltr'><strong>τοῦ</strong></span> <span class='ocrx_word' id='word_1_85' title='bbox 1811 807 1987 863; x_wconf 75' lang='grc' dir='ltr'><strong>μαήως</strong></span> <span class='ocrx_word' id='word_1_86' title='bbox 2067 817 2072 831; x_wconf 62' lang='lat'><strong>⁵</strong></span> 
     </span>
     <span class='ocr_line' id='line_1_11' title="bbox 344 874 1984 930; baseline 0 -13"><span class='ocrx_word' id='word_1_87' title='bbox 344 880 420 928; x_wconf 84' lang='lat' dir='ltr'><strong>(sc.</strong></span> <span class='ocrx_word' id='word_1_88' title='bbox 448 878 711 930; x_wconf 50' lang='lat' dir='ltr'><strong>kriypaggnn)</strong></span> <span class='ocrx_word' id='word_1_89' title='bbox 736 876 981 930; x_wconf 72' lang='grc' dir='ltr'><strong>Σιμωνίὸης</strong></span> <span class='ocrx_word' id='word_1_90' title='bbox 1005 875 1084 916; x_wconf 63' lang='grc' dir='ltr'><strong>ἐστὶ</strong></span> <span class='ocrx_word' id='word_1_91' title='bbox 1111 875 1135 915; x_wconf 80' lang='grc' dir='ltr'>ὁ</span> <span class='ocrx_word' id='word_1_92' title='bbox 1160 874 1411 928; x_wconf 74' lang='grc' dir='ltr'><em>ἐπιγράψας.</em></span> <span class='ocrx_word' id='word_1_93' title='bbox 1446 876 1526 916; x_wconf 83' lang='lat' dir='ltr'><strong>His</strong></span> <span class='ocrx_word' id='word_1_94' title='bbox 1550 876 1694 915; x_wconf 83' lang='lat' dir='ltr'><strong>verbis</strong></span> <span class='ocrx_word' id='word_1_95' title='bbox 1717 874 1984 917; x_wconf 63' lang='lat' dir='ltr'><strong>Herodotum</strong></span> 
     </span>
    </p>

    <p class='ocr_par' dir='ltr' id='par_1_3' title="bbox 343 939 1984 995">
     <span class='ocr_line' id='line_1_12' title="bbox 343 939 1984 995; baseline 0 -12"><span class='ocrx_word' id='word_1_96' title='bbox 343 944 586 995; x_wconf 69' lang='lat' dir='ltr'><strong>significare</strong></span> <span class='ocrx_word' id='word_1_97' title='bbox 626 944 768 983; x_wconf 84' lang='lat' dir='ltr'><strong>Kaibel</strong></span> <span class='ocrx_word' id='word_1_98' title='bbox 806 946 926 994; x_wconf 86' lang='lat' dir='ltr'><strong>putat</strong></span> <span class='ocrx_word' id='word_1_99' title='bbox 959 942 1217 982; x_wconf 84' lang='lat' dir='ltr'><strong>Simonidem</strong></span> <span class='ocrx_word' id='word_1_100' title='bbox 1247 946 1288 981; x_wconf 90' lang='lat' dir='ltr'><strong>ct</strong></span> <span class='ocrx_word' id='word_1_101' title='bbox 1316 941 1558 981; x_wconf 78' lang='lat' dir='ltr'><strong>condidisse</strong></span> <span class='ocrx_word' id='word_1_102' title='bbox 1585 951 1758 981; x_wconf 80' lang='lat' dir='ltr'><strong>carmen</strong></span> <span class='ocrx_word' id='word_1_103' title='bbox 1785 942 1827 981; x_wconf 82' lang='lat' dir='ltr'><strong>et</strong></span> <span class='ocrx_word' id='word_1_104' title='bbox 1853 939 1984 993; x_wconf 61' lang='lat' dir='ltr'><strong>invidi</strong></span> 
     </span>
    </p>

    <p class='ocr_par' dir='ltr' id='par_1_4' title="bbox 342 1005 2072 1190">
     <span class='ocr_line' id='line_1_13' title="bbox 342 1005 2072 1064; baseline -0.001 -16"><span class='ocrx_word' id='word_1_105' title='bbox 342 1009 659 1048; x_wconf 84' lang='lat' dir='ltr'><strong>inscribendum</strong></span> <span class='ocrx_word' id='word_1_106' title='bbox 699 1021 886 1049; x_wconf 81' lang='lat' dir='ltr'><strong>curasse.</strong></span> <span class='ocrx_word' id='word_1_107' title='bbox 934 1008 1015 1054; x_wconf 89' lang='lat' dir='ltr'><strong>Qui</strong></span> <span class='ocrx_word' id='word_1_108' title='bbox 1056 1008 1146 1047; x_wconf 81' lang='lat' dir='ltr'><strong>lieri</strong></span> <span class='ocrx_word' id='word_1_109' title='bbox 1186 1007 1396 1058; x_wconf 89' lang='lat' dir='ltr'><strong>potuerit,</strong></span> <span class='ocrx_word' id='word_1_110' title='bbox 1442 1010 1491 1046; x_wconf 94' lang='lat' dir='ltr'><strong>ut</strong></span> <span class='ocrx_word' id='word_1_111' title='bbox 1531 1006 1773 1047; x_wconf 77' lang='lat' dir='ltr'><strong>Simonides</strong></span> <span class='ocrx_word' id='word_1_112' title='bbox 1809 1005 1985 1058; x_wconf 74' lang='lat' dir='ltr'><strong>cippum</strong></span> <span class='ocrx_word' id='word_1_113' title='bbox 2064 1013 2072 1064; x_wconf 68' lang='lat'><strong>[⁴</strong></span> 
     </span>
     <span class='ocr_line' id='line_1_14' title="bbox 344 1070 1995 1125; baseline 0.001 -12"><span class='ocrx_word' id='word_1_114' title='bbox 344 1086 426 1114; x_wconf 88' lang='lat' dir='ltr'><strong>non</strong></span> <span class='ocrx_word' id='word_1_115' title='bbox 472 1075 562 1125; x_wconf 88' lang='lat' dir='ltr'><strong>ipse</strong></span> <span class='ocrx_word' id='word_1_116' title='bbox 604 1074 801 1125; x_wconf 82' lang='lat' dir='ltr'><strong>posuisse</strong></span> <span class='ocrx_word' id='word_1_117' title='bbox 842 1073 1030 1122; x_wconf 85' lang='lat' dir='ltr'><strong>dicatur,</strong></span> <span class='ocrx_word' id='word_1_118' title='bbox 1079 1073 1139 1112; x_wconf 86' lang='lat' dir='ltr'><strong>sic</strong></span> <span class='ocrx_word' id='word_1_119' title='bbox 1180 1073 1360 1123; x_wconf 88' lang='lat' dir='ltr'><strong>explicat</strong></span> <span class='ocrx_word' id='word_1_120' title='bbox 1404 1084 1485 1112; x_wconf 86' lang='lat' dir='ltr'><strong>v.c.</strong></span> <span class='ocrx_word' id='word_1_121' title='bbox 1506 1102 1516 1122; x_wconf 90' lang='lat'><strong>,</strong></span> <span class='ocrx_word' id='word_1_122' title='bbox 1563 1076 1611 1111; x_wconf 89' lang='lat' dir='ltr'><strong>ut</strong></span> <span class='ocrx_word' id='word_1_123' title='bbox 1653 1070 1995 1123; x_wconf 74' lang='lat' dir='ltr'><strong>Amphictyones.</strong></span> 
     </span>
     <span class='ocr_line' id='line_1_15' title="bbox 344 1137 1984 1190; baseline -0.001 -11"><span class='ocrx_word' id='word_1_124' title='bbox 344 1145 489 1190; x_wconf 84' lang='lat' dir='ltr'><strong>poetae</strong></span> <span class='ocrx_word' id='word_1_125' title='bbox 517 1140 643 1190; x_wconf 90' lang='lat' dir='ltr'><strong>pilam</strong></span> <span class='ocrx_word' id='word_1_126' title='bbox 675 1139 873 1179; x_wconf 66' lang='lat' dir='ltr'><strong>domme</strong></span> <span class='ocrx_word' id='word_1_127' title='bbox 902 1139 1141 1178; x_wconf 88' lang='lat' dir='ltr'><strong>videantur.</strong></span> <span class='ocrx_word' id='word_1_128' title='bbox 1176 1138 1320 1178; x_wconf 86' lang='lat' dir='ltr'><strong>Kaibel</strong></span> <span class='ocrx_word' id='word_1_129' title='bbox 1347 1138 1457 1178; x_wconf 83' lang='lat' dir='ltr'><strong>hanc</strong></span> <span class='ocrx_word' id='word_1_130' title='bbox 1480 1137 1595 1178; x_wconf 82' lang='lat' dir='ltr'><strong>dedit</strong></span> <span class='ocrx_word' id='word_1_131' title='bbox 1621 1138 1698 1178; x_wconf 89' lang='lat' dir='ltr'><strong>loci</strong></span> <span class='ocrx_word' id='word_1_132' title='bbox 1723 1137 1984 1178; x_wconf 72' lang='lat' dir='ltr'><strong>versionem:</strong></span> 
     </span>
    </p>

    <p class='ocr_par' dir='ltr' id='par_1_5' title="bbox 344 1191 2070 1321">
     <span class='ocr_line' id='line_1_16' title="bbox 347 1191 2070 1255; baseline 0 -11"><span class='ocrx_word' id='word_1_133' title='bbox 347 1206 431 1244; x_wconf 77' lang='lat' dir='ltr'><strong>‘fiir</strong></span> <span class='ocrx_word' id='word_1_134' title='bbox 474 1205 747 1255; x_wconf 82' lang='lat' dir='ltr'><strong>Epigramme</strong></span> <span class='ocrx_word' id='word_1_135' title='bbox 789 1191 877 1244; x_wconf 75' lang='lat' dir='ltr'><strong>und</strong></span> <span class='ocrx_word' id='word_1_136' title='bbox 922 1204 1174 1244; x_wconf 80' lang='lat' dir='ltr'><strong>Grabmiiler</strong></span> <span class='ocrx_word' id='word_1_137' title='bbox 1216 1206 1388 1255; x_wconf 85' lang='lat' dir='ltr'><strong>sorgten</strong></span> <span class='ocrx_word' id='word_1_138' title='bbox 1432 1203 1501 1243; x_wconf 88' lang='lat' dir='ltr'><strong>die</strong></span> <span class='ocrx_word' id='word_1_139' title='bbox 1545 1203 1729 1254; x_wconf 82' lang='lat' dir='ltr'><strong>Amph.,</strong></span> <span class='ocrx_word' id='word_1_140' title='bbox 1780 1213 1866 1243; x_wconf 85' lang='lat' dir='ltr'><strong>nur</strong></span> <span class='ocrx_word' id='word_1_141' title='bbox 1904 1201 1987 1244; x_wconf 66' lang='lat' dir='ltr'><strong>dnn</strong></span> <span class='ocrx_word' id='word_1_142' title='bbox 2057 1195 2070 1197; x_wconf 35' lang='lat'><strong>&#39;⁷</strong></span> 
     </span>
     <span class='ocr_line' id='line_1_17' title="bbox 344 1266 1987 1321; baseline -0.001 -12"><span class='ocrx_word' id='word_1_143' title='bbox 344 1271 590 1321; x_wconf 80' lang='lat' dir='ltr'><strong>Epigramm</strong></span> <span class='ocrx_word' id='word_1_144' title='bbox 621 1271 691 1309; x_wconf 76' lang='lat' dir='ltr'><strong>mr</strong></span> <span class='ocrx_word' id='word_1_145' title='bbox 721 1271 828 1320; x_wconf 85' lang='lat' dir='ltr'><strong>Meg.</strong></span> <span class='ocrx_word' id='word_1_146' title='bbox 863 1270 953 1309; x_wconf 87' lang='lat' dir='ltr'><strong>hat</strong></span> <span class='ocrx_word' id='word_1_147' title='bbox 990 1269 1302 1309; x_wconf 86' lang='lat' dir='ltr'><strong>Simonides</strong></span> <span class='ocrx_word' id='word_1_148' title='bbox 1340 1268 1590 1320; x_wconf 82' lang='lat' dir='ltr'><strong>gemacht</strong></span> <span class='ocrx_word' id='word_1_149' title='bbox 1627 1267 1736 1308; x_wconf 85' lang='lat' dir='ltr'><strong>und</strong></span> <span class='ocrx_word' id='word_1_150' title='bbox 1771 1267 1868 1309; x_wconf 75' lang='lat' dir='ltr'><strong>aul</strong></span> <span class='ocrx_word' id='word_1_151' title='bbox 1897 1266 1987 1308; x_wconf 78' lang='lat' dir='ltr'><strong>dte</strong></span> 
     </span>
    </p>

    <p class='ocr_par' dir='ltr' id='par_1_6' title="bbox 345 1331 1985 1386">
     <span class='ocr_line' id='line_1_18' title="bbox 345 1331 1985 1386; baseline 0 -12"><span class='ocrx_word' id='word_1_152' title='bbox 345 1348 443 1375; x_wconf 90' lang='lat' dir='ltr'><strong>von</strong></span> <span class='ocrx_word' id='word_1_153' title='bbox 479 1336 777 1375; x_wconf 85' lang='lat' dir='ltr'><strong>‹lenselben</strong></span> <span class='ocrx_word' id='word_1_154' title='bbox 814 1336 992 1385; x_wconf 82' lang='lat' dir='ltr'><strong>Amph.</strong></span> <span class='ocrx_word' id='word_1_155' title='bbox 1031 1334 1367 1386; x_wconf 80' lang='lat' dir='ltr'><strong>geschenkte</strong></span> <span class='ocrx_word' id='word_1_156' title='bbox 1405 1334 1554 1374; x_wconf 88' lang='lat' dir='ltr'><strong>Stele</strong></span> <span class='ocrx_word' id='word_1_157' title='bbox 1588 1331 1985 1381; x_wconf 76' lang='lat' dir='ltr'><strong>autschrelben</strong></span> 
     </span>
    </p>

    <p class='ocr_par' dir='ltr' id='par_1_7' title="bbox 343 1391 2063 1451">
     <span class='ocr_line' id='line_1_19' title="bbox 343 1391 2063 1451; baseline 0 -12"><span class='ocrx_word' id='word_1_158' title='bbox 343 1402 550 1451; x_wconf 85' lang='lat' dir='ltr'><strong>lassen,</strong></span> <span class='ocrx_word' id='word_1_159' title='bbox 583 1401 672 1440; x_wconf 89' lang='lat' dir='ltr'><strong>weil</strong></span> <span class='ocrx_word' id='word_1_160' title='bbox 701 1401 777 1440; x_wconf 91' lang='lat' dir='ltr'><strong>der</strong></span> <span class='ocrx_word' id='word_1_161' title='bbox 808 1401 941 1440; x_wconf 82' lang='lat' dir='ltr'><strong>Seher</strong></span> <span class='ocrx_word' id='word_1_162' title='bbox 970 1400 1059 1439; x_wconf 87' lang='lat' dir='ltr'><strong>sein</strong></span> <span class='ocrx_word' id='word_1_163' title='bbox 1090 1400 1353 1439; x_wconf 76' lang='lat' dir='ltr'><strong>Gasttreund</strong></span> <span class='ocrx_word' id='word_1_164' title='bbox 1383 1410 1576 1450; x_wconf 87' lang='lat' dir='ltr'><strong>gewesen</strong></span> <span class='ocrx_word' id='word_1_165' title='bbox 1605 1397 1724 1439; x_wconf 81' lang='lat' dir='ltr'><strong>war’.</strong></span> <span class='ocrx_word' id='word_1_166' title='bbox 2056 1391 2063 1396; x_wconf 35' lang='lat'><strong>&#39;¹</strong></span> 
     </span>
    </p>

    <p class='ocr_par' dir='ltr' id='par_1_8' title="bbox 345 1464 2072 2169">
     <span class='ocr_line' id='line_1_20' title="bbox 397 1464 2072 1516; baseline -0.001 -11"><span class='ocrx_word' id='word_1_167' title='bbox 397 1468 516 1512; x_wconf 81' lang='lat' dir='ltr'><strong>Quae</strong></span> <span class='ocrx_word' id='word_1_168' title='bbox 545 1467 833 1516; x_wconf 77' lang='lat' dir='ltr'><strong>interpretatio</strong></span> <span class='ocrx_word' id='word_1_169' title='bbox 861 1477 1124 1516; x_wconf 82' lang='lat' dir='ltr'><strong>quamquam</strong></span> <span class='ocrx_word' id='word_1_170' title='bbox 1155 1465 1270 1505; x_wconf 87' lang='lat' dir='ltr'><strong>haud</strong></span> <span class='ocrx_word' id='word_1_171' title='bbox 1301 1476 1453 1516; x_wconf 90' lang='lat' dir='ltr'><strong>parum</strong></span> <span class='ocrx_word' id='word_1_172' title='bbox 1483 1464 1699 1505; x_wconf 88' lang='lat' dir='ltr'><strong>laudanda</strong></span> <span class='ocrx_word' id='word_1_173' title='bbox 1722 1466 1811 1515; x_wconf 82' lang='lat' dir='ltr'><strong>est,</strong></span> <span class='ocrx_word' id='word_1_174' title='bbox 1841 1465 1984 1504; x_wconf 75' lang='lat' dir='ltr'><strong>tamen</strong></span> <span class='ocrx_word' id='word_1_175' title='bbox 2067 1511 2072 1516; x_wconf 63' lang='lat'><strong>‚,</strong></span> 
     </span>
     <span class='ocr_line' id='line_1_21' title="bbox 346 1528 1987 1581; baseline 0 -10"><span class='ocrx_word' id='word_1_176' title='bbox 346 1544 428 1571; x_wconf 88' lang='lat' dir='ltr'><strong>non</strong></span> <span class='ocrx_word' id='word_1_177' title='bbox 473 1532 527 1571; x_wconf 81' lang='lat' dir='ltr'><strong>ab</strong></span> <span class='ocrx_word' id='word_1_178' title='bbox 569 1532 682 1571; x_wconf 87' lang='lat' dir='ltr'><strong>omni</strong></span> <span class='ocrx_word' id='word_1_179' title='bbox 727 1535 846 1581; x_wconf 84' lang='lat' dir='ltr'><strong>parte</strong></span> <span class='ocrx_word' id='word_1_180' title='bbox 888 1532 989 1570; x_wconf 84' lang='lat' dir='ltr'><strong>mihi</strong></span> <span class='ocrx_word' id='word_1_181' title='bbox 1033 1531 1279 1571; x_wconf 74' lang='lat' dir='ltr'><strong>satisfacere</strong></span> <span class='ocrx_word' id='word_1_182' title='bbox 1321 1532 1471 1581; x_wconf 85' lang='lat' dir='ltr'><strong>potest.</strong></span> <span class='ocrx_word' id='word_1_183' title='bbox 1518 1530 1640 1570; x_wconf 79' lang='lat' dir='ltr'><strong>Mitto</strong></span> <span class='ocrx_word' id='word_1_184' title='bbox 1680 1529 1797 1581; x_wconf 87' lang='lat' dir='ltr'><strong>quod</strong></span> <span class='ocrx_word' id='word_1_185' title='bbox 1838 1528 1987 1571; x_wconf 65' lang='lat' dir='ltr'><strong>Raiba</strong></span> 
     </span>
     <span class='ocr_line' id='line_1_22' title="bbox 346 1593 1989 1649; baseline -0.001 -13"><span class='ocrx_word' id='word_1_186' title='bbox 346 1597 475 1636; x_wconf 87' lang='lat' dir='ltr'><strong>verbo</strong></span> <span class='ocrx_word' id='word_1_187' title='bbox 516 1595 761 1649; x_wconf 64' lang='grc' dir='ltr'><strong>ἐπιγράφειν</strong></span> <span class='ocrx_word' id='word_1_188' title='bbox 802 1600 842 1636; x_wconf 90' lang='lat' dir='ltr'><strong>et</strong></span> <span class='ocrx_word' id='word_1_189' title='bbox 885 1598 1096 1637; x_wconf 87' lang='lat' dir='ltr'><strong>notionem</strong></span> <span class='ocrx_word' id='word_1_190' title='bbox 1139 1595 1460 1648; x_wconf 86' lang='lat' dir='ltr'><strong>epigrammatis</strong></span> <span class='ocrx_word' id='word_1_191' title='bbox 1503 1595 1713 1635; x_wconf 87' lang='lat' dir='ltr'><strong>condendi</strong></span> <span class='ocrx_word' id='word_1_192' title='bbox 1753 1593 1905 1636; x_wconf 78' lang='lat' dir='ltr'><strong>tribuit</strong></span> <span class='ocrx_word' id='word_1_193' title='bbox 1942 1597 1989 1636; x_wconf 60' lang='grc' dir='ltr'><em>α</em></span> 
     </span>
     <span class='ocr_line' id='line_1_23' title="bbox 345 1660 1990 1713; baseline 0.001 -12"><span class='ocrx_word' id='word_1_194' title='bbox 345 1663 448 1702; x_wconf 89' lang='lat' dir='ltr'><strong>illud</strong></span> <span class='ocrx_word' id='word_1_195' title='bbox 488 1662 807 1702; x_wconf 88' lang='lat' dir='ltr'><strong>inscribendum</strong></span> <span class='ocrx_word' id='word_1_196' title='bbox 847 1663 1039 1702; x_wconf 90' lang='lat' dir='ltr'><strong>curandi.</strong></span> <span class='ocrx_word' id='word_1_197' title='bbox 1082 1662 1216 1701; x_wconf 88' lang='lat' dir='ltr'><strong>Multo</strong></span> <span class='ocrx_word' id='word_1_198' title='bbox 1253 1662 1427 1713; x_wconf 89' lang='lat' dir='ltr'><strong>gravior</strong></span> <span class='ocrx_word' id='word_1_199' title='bbox 1464 1662 1596 1701; x_wconf 84' lang='lat' dir='ltr'><strong>altera</strong></span> <span class='ocrx_word' id='word_1_200' title='bbox 1633 1660 1868 1702; x_wconf 73' lang='lat' dir='ltr'><strong>difficultas</strong></span> <span class='ocrx_word' id='word_1_201' title='bbox 1901 1661 1990 1702; x_wconf 26' lang='lat' dir='ltr'><strong>est&gt;</strong></span> 
     </span>
     <span class='ocr_line' id='line_1_24' title="bbox 348 1725 2041 1778; baseline 0 -12"><span class='ocrx_word' id='word_1_202' title='bbox 348 1728 514 1767; x_wconf 87' lang='lat' dir='ltr'><strong>Etenim</strong></span> <span class='ocrx_word' id='word_1_203' title='bbox 554 1739 645 1767; x_wconf 90' lang='lat' dir='ltr'><strong>mos</strong></span> <span class='ocrx_word' id='word_1_204' title='bbox 683 1731 769 1777; x_wconf 86' lang='lat' dir='ltr'><strong>est,</strong></span> <span class='ocrx_word' id='word_1_205' title='bbox 811 1729 858 1767; x_wconf 90' lang='lat' dir='ltr'><strong>ut</strong></span> <span class='ocrx_word' id='word_1_206' title='bbox 896 1728 954 1778; x_wconf 89' lang='lat' dir='ltr'><strong>is,</strong></span> <span class='ocrx_word' id='word_1_207' title='bbox 996 1728 1070 1777; x_wconf 86' lang='lat' dir='ltr'><strong>qui</strong></span> <span class='ocrx_word' id='word_1_208' title='bbox 1106 1727 1309 1767; x_wconf 74' lang='lat' dir='ltr'><strong>defuncto</strong></span> <span class='ocrx_word' id='word_1_209' title='bbox 1345 1729 1671 1766; x_wconf 88' lang='lat' dir='ltr'><strong>monumentum</strong></span> <span class='ocrx_word' id='word_1_210' title='bbox 1709 1729 1893 1778; x_wconf 78' lang='lat' dir='ltr'><strong>statuat,</strong></span> <span class='ocrx_word' id='word_1_211' title='bbox 1931 1725 1988 1767; x_wconf 79' lang='lat' dir='ltr'><strong>do</strong></span> <span class='ocrx_word' id='word_1_212' title='bbox 2024 1732 2041 1741; x_wconf 76' lang='grc'><em>“</em></span> 
     </span>
     <span class='ocr_line' id='line_1_25' title="bbox 346 1793 1982 1843; baseline 0.002 -12"><span class='ocrx_word' id='word_1_213' title='bbox 346 1805 425 1832; x_wconf 87' lang='lat' dir='ltr'><strong>suo</strong></span> <span class='ocrx_word' id='word_1_214' title='bbox 471 1796 510 1832; x_wconf 88' lang='lat' dir='ltr'><strong>et</strong></span> <span class='ocrx_word' id='word_1_215' title='bbox 558 1793 730 1843; x_wconf 88' lang='lat' dir='ltr'><strong>cippum</strong></span> <span class='ocrx_word' id='word_1_216' title='bbox 777 1796 991 1843; x_wconf 87' lang='lat' dir='ltr'><strong>comparet</strong></span> <span class='ocrx_word' id='word_1_217' title='bbox 1037 1796 1078 1832; x_wconf 89' lang='lat' dir='ltr'><strong>et</strong></span> <span class='ocrx_word' id='word_1_218' title='bbox 1124 1793 1444 1843; x_wconf 86' lang='lat' dir='ltr'><strong>inscriptionem</strong></span> <span class='ocrx_word' id='word_1_219' title='bbox 1491 1793 1807 1834; x_wconf 79' lang='lat' dir='ltr'><strong>inscribendam</strong></span> <span class='ocrx_word' id='word_1_220' title='bbox 1848 1793 1982 1834; x_wconf 62' lang='lat' dir='ltr'><strong>surd-</strong></span> 
     </span>
     <span class='ocr_line' id='line_1_26' title="bbox 348 1857 1986 1910; baseline 0.001 -13"><span class='ocrx_word' id='word_1_221' title='bbox 348 1859 448 1897; x_wconf 83' lang='lat' dir='ltr'><strong>Rem</strong></span> <span class='ocrx_word' id='word_1_222' title='bbox 489 1862 630 1897; x_wconf 85' lang='lat' dir='ltr'><strong>autem</strong></span> <span class='ocrx_word' id='word_1_223' title='bbox 661 1859 770 1898; x_wconf 90' lang='lat' dir='ltr'><strong>hanc</strong></span> <span class='ocrx_word' id='word_1_224' title='bbox 799 1858 1008 1897; x_wconf 88' lang='lat' dir='ltr'><strong>habemus</strong></span> <span class='ocrx_word' id='word_1_225' title='bbox 1037 1858 1272 1897; x_wconf 86' lang='lat' dir='ltr'><strong>mirabilem</strong></span> <span class='ocrx_word' id='word_1_226' title='bbox 1305 1858 1493 1897; x_wconf 85' lang='lat' dir='ltr'><strong>Kaibelio</strong></span> <span class='ocrx_word' id='word_1_227' title='bbox 1521 1860 1716 1908; x_wconf 87' lang='lat' dir='ltr'><strong>auctore,</strong></span> <span class='ocrx_word' id='word_1_228' title='bbox 1755 1858 1873 1910; x_wconf 75' lang='lat' dir='ltr'><strong>quod</strong></span> <span class='ocrx_word' id='word_1_229' title='bbox 1899 1857 1986 1910; x_wconf 67' lang='lat' dir='ltr'><strong>pilu</strong></span> 
     </span>
     <span class='ocr_line' id='line_1_27' title="bbox 345 1922 1988 1974; baseline 0.001 -12"><span class='ocrx_word' id='word_1_230' title='bbox 345 1924 457 1962; x_wconf 81' lang='lat' dir='ltr'><strong>dono</strong></span> <span class='ocrx_word' id='word_1_231' title='bbox 498 1924 623 1962; x_wconf 88' lang='lat' dir='ltr'><strong>detur</strong></span> <span class='ocrx_word' id='word_1_232' title='bbox 664 1924 723 1973; x_wconf 90' lang='lat' dir='ltr'><strong>ei,</strong></span> <span class='ocrx_word' id='word_1_233' title='bbox 770 1924 844 1973; x_wconf 91' lang='lat' dir='ltr'><strong>qui</strong></span> <span class='ocrx_word' id='word_1_234' title='bbox 886 1924 1148 1974; x_wconf 76' lang='lat' dir='ltr'><strong>epigramm-a</strong></span> <span class='ocrx_word' id='word_1_235' title='bbox 1179 1923 1220 1962; x_wconf 93' lang='lat' dir='ltr'><strong>in</strong></span> <span class='ocrx_word' id='word_1_236' title='bbox 1264 1935 1312 1963; x_wconf 89' lang='lat' dir='ltr'><strong>ea</strong></span> <span class='ocrx_word' id='word_1_237' title='bbox 1354 1923 1536 1974; x_wconf 87' lang='lat' dir='ltr'><strong>insculpi</strong></span> <span class='ocrx_word' id='word_1_238' title='bbox 1579 1923 1734 1963; x_wconf 80' lang='lat' dir='ltr'><strong>iubeat.</strong></span> <span class='ocrx_word' id='word_1_239' title='bbox 1780 1922 1866 1971; x_wconf 80' lang='lat' dir='ltr'><strong>Qui</strong></span> <span class='ocrx_word' id='word_1_240' title='bbox 1905 1922 1988 1965; x_wconf 79' lang='lat' dir='ltr'><strong>hoo</strong></span> 
     </span>
     <span class='ocr_line' id='line_1_28' title="bbox 346 1979 2070 2039; baseline 0.002 -12"><span class='ocrx_word' id='word_1_241' title='bbox 346 1988 437 2027; x_wconf 78' lang='lat' dir='ltr'><strong>fieri</strong></span> <span class='ocrx_word' id='word_1_242' title='bbox 485 1989 644 2038; x_wconf 87' lang='lat' dir='ltr'><strong>possit,</strong></span> <span class='ocrx_word' id='word_1_243' title='bbox 697 2001 781 2028; x_wconf 92' lang='lat' dir='ltr'><strong>non</strong></span> <span class='ocrx_word' id='word_1_244' title='bbox 824 1989 1033 2039; x_wconf 84' lang='lat' dir='ltr'><strong>intellego.</strong></span> <span class='ocrx_word' id='word_1_245' title='bbox 1094 1988 1292 2028; x_wconf 88' lang='lat' dir='ltr'><strong>Kaibelio.</strong></span> <span class='ocrx_word' id='word_1_246' title='bbox 1323 1988 1454 2038; x_wconf 90' lang='lat' dir='ltr'><strong>igitur</strong></span> <span class='ocrx_word' id='word_1_247' title='bbox 1495 1988 1772 2029; x_wconf 87' lang='lat' dir='ltr'><strong>indicandum</strong></span> <span class='ocrx_word' id='word_1_248' title='bbox 1813 1988 1983 2039; x_wconf 69' lang='lat' dir='ltr'><strong>luent,</strong></span> <span class='ocrx_word' id='word_1_249' title='bbox 2067 1979 2070 1980; x_wconf 33' lang='lat'><em>⁷</em></span> 
     </span>
     <span class='ocr_line' id='line_1_29' title="bbox 345 2052 1988 2105; baseline 0.001 -13"><span class='ocrx_word' id='word_1_250' title='bbox 345 2054 557 2103; x_wconf 86' lang='lat' dir='ltr'><strong>quomodo</strong></span> <span class='ocrx_word' id='word_1_251' title='bbox 602 2057 641 2093; x_wconf 88' lang='lat' dir='ltr'><strong>et</strong></span> <span class='ocrx_word' id='word_1_252' title='bbox 690 2054 1072 2105; x_wconf 81' lang='lat' dir='ltr'><strong>Amphictyonibus</strong></span> <span class='ocrx_word' id='word_1_253' title='bbox 1119 2054 1285 2093; x_wconf 90' lang='lat' dir='ltr'><strong>occasio</strong></span> <span class='ocrx_word' id='word_1_254' title='bbox 1331 2054 1429 2093; x_wconf 90' lang='lat' dir='ltr'><strong>data</strong></span> <span class='ocrx_word' id='word_1_255' title='bbox 1477 2056 1590 2093; x_wconf 87' lang='lat' dir='ltr'><strong>esset</strong></span> <span class='ocrx_word' id='word_1_256' title='bbox 1635 2053 1844 2094; x_wconf 84' lang='lat' dir='ltr'><strong>Simonidi</strong></span> <span class='ocrx_word' id='word_1_257' title='bbox 1882 2052 1988 2101; x_wconf 75' lang='lat' dir='ltr'><strong>doni</strong></span> 
     </span>
     <span class='ocr_line' id='line_1_30' title="bbox 345 2119 1214 2169; baseline 0.001 -12"><span class='ocrx_word' id='word_1_258' title='bbox 345 2119 551 2158; x_wconf 72' lang='lat' dir='ltr'><strong>offerendi</strong></span> <span class='ocrx_word' id='word_1_259' title='bbox 580 2122 620 2158; x_wconf 90' lang='lat' dir='ltr'><strong>et</strong></span> <span class='ocrx_word' id='word_1_260' title='bbox 650 2120 747 2158; x_wconf 87' lang='lat' dir='ltr'><strong>huic</strong></span> <span class='ocrx_word' id='word_1_261' title='bbox 776 2119 831 2158; x_wconf 90' lang='lat' dir='ltr'><strong>ab</strong></span> <span class='ocrx_word' id='word_1_262' title='bbox 859 2119 940 2158; x_wconf 88' lang='lat' dir='ltr'><strong>illis</strong></span> <span class='ocrx_word' id='word_1_263' title='bbox 970 2119 1214 2169; x_wconf 87' lang='lat' dir='ltr'><strong>aecipiendi.</strong></span> 
     </span>
    </p>

    <p class='ocr_par' dir='ltr' id='par_1_9' title="bbox 347 2183 2072 2689">
     <span class='ocr_line' id='line_1_31' title="bbox 400 2183 1986 2235; baseline 0.002 -13"><span class='ocrx_word' id='word_1_264' title='bbox 400 2184 498 2222; x_wconf 88' lang='lat' dir='ltr'><strong>Viro</strong></span> <span class='ocrx_word' id='word_1_265' title='bbox 538 2185 587 2222; x_wconf 93' lang='lat' dir='ltr'><strong>cl.</strong></span> <span class='ocrx_word' id='word_1_266' title='bbox 638 2184 900 2223; x_wconf 86' lang='lat' dir='ltr'><strong>Herodotum</strong></span> <span class='ocrx_word' id='word_1_267' title='bbox 944 2184 1112 2223; x_wconf 88' lang='lat' dir='ltr'><strong>tradere</strong></span> <span class='ocrx_word' id='word_1_268' title='bbox 1156 2184 1287 2223; x_wconf 88' lang='lat' dir='ltr'><strong>videri</strong></span> <span class='ocrx_word' id='word_1_269' title='bbox 1335 2184 1596 2223; x_wconf 89' lang='lat' dir='ltr'><strong>Simonidem</strong></span> <span class='ocrx_word' id='word_1_270' title='bbox 1639 2184 1861 2235; x_wconf 72' lang='lat' dir='ltr'><strong>Megisune</strong></span> <span class='ocrx_word' id='word_1_271' title='bbox 1898 2183 1986 2235; x_wconf 75' lang='lat' dir='ltr'><strong>epi·</strong></span> 
     </span>
     <span class='ocr_line' id='line_1_32' title="bbox 347 2249 1986 2302; baseline 0.002 -15"><span class='ocrx_word' id='word_1_272' title='bbox 347 2250 595 2298; x_wconf 80' lang='lat' dir='ltr'><strong>grammatis</strong></span> <span class='ocrx_word' id='word_1_273' title='bbox 637 2261 731 2288; x_wconf 89' lang='lat' dir='ltr'><strong>esse</strong></span> <span class='ocrx_word' id='word_1_274' title='bbox 773 2252 989 2289; x_wconf 86' lang='lat' dir='ltr'><strong>auctorem</strong></span> <span class='ocrx_word' id='word_1_275' title='bbox 1034 2250 1116 2288; x_wconf 90' lang='lat' dir='ltr'><strong>iam</strong></span> <span class='ocrx_word' id='word_1_276' title='bbox 1155 2250 1256 2288; x_wconf 85' lang='lat' dir='ltr'><strong>dixi.</strong></span> <span class='ocrx_word' id='word_1_277' title='bbox 1304 2249 1411 2295; x_wconf 88' lang='lat' dir='ltr'><strong>Quis</strong></span> <span class='ocrx_word' id='word_1_278' title='bbox 1440 2251 1582 2289; x_wconf 86' lang='lat' dir='ltr'><strong>autem</strong></span> <span class='ocrx_word' id='word_1_279' title='bbox 1610 2252 1749 2290; x_wconf 80' lang='lat' dir='ltr'><strong>cetera</strong></span> <span class='ocrx_word' id='word_1_280' title='bbox 1775 2249 1986 2302; x_wconf 70' lang='lat' dir='ltr'><strong>epigram·</strong></span> 
     </span>
     <span class='ocr_line' id='line_1_33' title="bbox 348 2314 2072 2365; baseline 0.003 -13"><span class='ocrx_word' id='word_1_281' title='bbox 348 2316 458 2352; x_wconf 88' lang='lat' dir='ltr'><strong>mata</strong></span> <span class='ocrx_word' id='word_1_282' title='bbox 488 2315 817 2364; x_wconf 88' lang='lat' dir='ltr'><strong>composuisset,</strong></span> <span class='ocrx_word' id='word_1_283' title='bbox 853 2314 1115 2354; x_wconf 88' lang='lat' dir='ltr'><strong>Herodotum</strong></span> <span class='ocrx_word' id='word_1_284' title='bbox 1147 2315 1350 2355; x_wconf 87' lang='lat' dir='ltr'><strong>nesciisse</strong></span> <span class='ocrx_word' id='word_1_285' title='bbox 1374 2318 1518 2365; x_wconf 86' lang='lat' dir='ltr'><strong>putat,</strong></span> <span class='ocrx_word' id='word_1_286' title='bbox 1552 2315 1640 2365; x_wconf 88' lang='lat' dir='ltr'><strong>vel,</strong></span> <span class='ocrx_word' id='word_1_287' title='bbox 1675 2316 1722 2355; x_wconf 88' lang='lat' dir='ltr'><strong>ut</strong></span> <span class='ocrx_word' id='word_1_288' title='bbox 1742 2314 1988 2357; x_wconf 67' lang='lat' dir='ltr'><strong>accuratius</strong></span> <span class='ocrx_word' id='word_1_289' title='bbox 2070 2335 2072 2337; x_wconf 89' lang='lat'>·</span> 
     </span>
     <span class='ocr_line' id='line_1_34' title="bbox 347 2380 1986 2431; baseline 0.002 -14"><span class='ocrx_word' id='word_1_290' title='bbox 347 2380 598 2418; x_wconf 86' lang='lat' dir='ltr'><strong>sententiam</strong></span> <span class='ocrx_word' id='word_1_291' title='bbox 637 2392 758 2419; x_wconf 88' lang='lat' dir='ltr'><strong>suam</strong></span> <span class='ocrx_word' id='word_1_292' title='bbox 797 2381 968 2430; x_wconf 87' lang='lat' dir='ltr'><strong>exponit</strong></span> <span class='ocrx_word' id='word_1_293' title='bbox 1009 2393 1090 2419; x_wconf 66' lang='lat' dir='ltr'><strong>wc.</strong></span> <span class='ocrx_word' id='word_1_294' title='bbox 1133 2381 1175 2419; x_wconf 91' lang='lat' dir='ltr'><strong>in</strong></span> <span class='ocrx_word' id='word_1_295' title='bbox 1213 2380 1446 2431; x_wconf 87' lang='lat' dir='ltr'><strong>posteriore</strong></span> <span class='ocrx_word' id='word_1_296' title='bbox 1473 2380 1848 2431; x_wconf 81' lang='lat' dir='ltr'><strong>commentatione,</strong></span> <span class='ocrx_word' id='word_1_297' title='bbox 1886 2390 1986 2421; x_wconf 74' lang='lat' dir='ltr'><strong>oum</strong></span> 
     </span>
     <span class='ocr_line' id='line_1_35' title="bbox 349 2445 1987 2496; baseline 0.003 -13"><span class='ocrx_word' id='word_1_298' title='bbox 349 2445 549 2484; x_wconf 83' lang='lat' dir='ltr'><strong>nesciisse</strong></span> <span class='ocrx_word' id='word_1_299' title='bbox 588 2445 847 2485; x_wconf 87' lang='lat' dir='ltr'><strong>Simonidem</strong></span> <span class='ocrx_word' id='word_1_300' title='bbox 877 2449 1112 2485; x_wconf 87' lang='lat' dir='ltr'><strong>ceterorum</strong></span> <span class='ocrx_word' id='word_1_301' title='bbox 1142 2457 1315 2495; x_wconf 88' lang='lat' dir='ltr'><strong>quoque</strong></span> <span class='ocrx_word' id='word_1_302' title='bbox 1341 2445 1699 2496; x_wconf 86' lang='lat' dir='ltr'><strong>epigrammatum</strong></span> <span class='ocrx_word' id='word_1_303' title='bbox 1726 2445 1862 2486; x_wconf 65' lang='lat' dir='ltr'><strong>tuine</strong></span> <span class='ocrx_word' id='word_1_304' title='bbox 1887 2456 1987 2488; x_wconf 69' lang='lat' dir='ltr'><strong>auo·</strong></span> 
     </span>
     <span class='ocr_line' id='line_1_36' title="bbox 348 2510 1982 2560; baseline 0.002 -13"><span class='ocrx_word' id='word_1_305' title='bbox 348 2513 503 2558; x_wconf 84' lang='lat' dir='ltr'><strong>torem,</strong></span> <span class='ocrx_word' id='word_1_306' title='bbox 536 2513 609 2548; x_wconf 84' lang='lat' dir='ltr'><strong>aut</strong></span> <span class='ocrx_word' id='word_1_307' title='bbox 639 2510 718 2548; x_wconf 89' lang='lat' dir='ltr'><strong>sibi</strong></span> <span class='ocrx_word' id='word_1_308' title='bbox 749 2522 1002 2560; x_wconf 87' lang='lat' dir='ltr'><strong>persuasum</strong></span> <span class='ocrx_word' id='word_1_309' title='bbox 1029 2510 1233 2550; x_wconf 88' lang='lat' dir='ltr'><strong>habuisse</strong></span> <span class='ocrx_word' id='word_1_310' title='bbox 1259 2511 1520 2550; x_wconf 84' lang='lat' dir='ltr'><strong>Simonidem</strong></span> <span class='ocrx_word' id='word_1_311' title='bbox 1543 2522 1594 2550; x_wconf 88' lang='lat' dir='ltr'><strong>ea</strong></span> <span class='ocrx_word' id='word_1_312' title='bbox 1619 2522 1704 2550; x_wconf 90' lang='lat' dir='ltr'><strong>non</strong></span> <span class='ocrx_word' id='word_1_313' title='bbox 1727 2510 1982 2551; x_wconf 75' lang='lat' dir='ltr'><strong>condidisse.</strong></span> 
     </span>
     <span class='ocr_line' id='line_1_37' title="bbox 353 2574 1990 2627; baseline 0.003 -15"><span class='ocrx_word' id='word_1_314' title='bbox 353 2574 581 2613; x_wconf 81' lang='lat' dir='ltr'><strong>‘Herodoto</strong></span> <span class='ocrx_word' id='word_1_315' title='bbox 617 2579 758 2614; x_wconf 88' lang='lat' dir='ltr'><strong>autem</strong></span> <span class='ocrx_word' id='word_1_316' title='bbox 797 2575 849 2615; x_wconf 88' lang='lat' dir='ltr'><strong>de</strong></span> <span class='ocrx_word' id='word_1_317' title='bbox 887 2576 965 2614; x_wconf 89' lang='lat' dir='ltr'><strong>hac</strong></span> <span class='ocrx_word' id='word_1_318' title='bbox 1004 2588 1049 2615; x_wconf 92' lang='lat' dir='ltr'><strong>re</strong></span> <span class='ocrx_word' id='word_1_319' title='bbox 1085 2576 1182 2626; x_wconf 90' lang='lat' dir='ltr'><strong>plus</strong></span> <span class='ocrx_word' id='word_1_320' title='bbox 1217 2577 1325 2615; x_wconf 89' lang='lat' dir='ltr'><strong>scire</strong></span> <span class='ocrx_word' id='word_1_321' title='bbox 1354 2588 1429 2615; x_wconf 90' lang='lat' dir='ltr'><strong>nec</strong></span> <span class='ocrx_word' id='word_1_322' title='bbox 1459 2579 1623 2615; x_wconf 84' lang='lat' dir='ltr'><strong>veteres</strong></span> <span class='ocrx_word' id='word_1_323' title='bbox 1651 2577 1883 2627; x_wconf 84' lang='lat' dir='ltr'><strong>potuerunt</strong></span> <span class='ocrx_word' id='word_1_324' title='bbox 1908 2586 1990 2618; x_wconf 76' lang='lat' dir='ltr'><strong>nec</strong></span> 
     </span>
     <span class='ocr_line' id='line_1_38' title="bbox 350 2639 900 2689; baseline 0.007 -14"><span class='ocrx_word' id='word_1_325' title='bbox 350 2650 427 2676; x_wconf 87' lang='lat' dir='ltr'><strong>nos</strong></span> <span class='ocrx_word' id='word_1_326' title='bbox 455 2640 606 2688; x_wconf 89' lang='lat' dir='ltr'><strong>opinor</strong></span> <span class='ocrx_word' id='word_1_327' title='bbox 636 2639 900 2689; x_wconf 86' lang='lat' dir='ltr'><strong>possumus.&#39;</strong></span> 
     </span>
    </p>

    <p class='ocr_par' dir='ltr' id='par_1_10' title="bbox 349 2703 1989 3015">
     <span class='ocr_line' id='line_1_39' title="bbox 405 2703 1988 2755; baseline 0.004 -14"><span class='ocrx_word' id='word_1_328' title='bbox 405 2703 662 2743; x_wconf 84' lang='lat' dir='ltr'><strong>Simonidem</strong></span> <span class='ocrx_word' id='word_1_329' title='bbox 690 2705 907 2755; x_wconf 84' lang='lat' dir='ltr'><strong>Megistiae</strong></span> <span class='ocrx_word' id='word_1_330' title='bbox 929 2706 1248 2755; x_wconf 83' lang='lat' dir='ltr'><strong>epigrammatis</strong></span> <span class='ocrx_word' id='word_1_331' title='bbox 1272 2717 1367 2745; x_wconf 87' lang='lat' dir='ltr'><strong>esse</strong></span> <span class='ocrx_word' id='word_1_332' title='bbox 1390 2710 1606 2746; x_wconf 85' lang='lat' dir='ltr'><strong>auctorem</strong></span> <span class='ocrx_word' id='word_1_333' title='bbox 1633 2706 1809 2746; x_wconf 81' lang='lat' dir='ltr'><strong>Kaibelii</strong></span> <span class='ocrx_word' id='word_1_334' title='bbox 1831 2706 1988 2748; x_wconf 76' lang='lat' dir='ltr'><strong>iudicio</strong></span> 
     </span>
     <span class='ocr_line' id='line_1_40' title="bbox 351 2771 1988 2818; baseline 0.004 -13"><span class='ocrx_word' id='word_1_335' title='bbox 351 2779 433 2806; x_wconf 87' lang='lat' dir='ltr'><strong>non</strong></span> <span class='ocrx_word' id='word_1_336' title='bbox 478 2780 657 2818; x_wconf 85' lang='lat' dir='ltr'><strong>prorsus</strong></span> <span class='ocrx_word' id='word_1_337' title='bbox 701 2773 885 2809; x_wconf 90' lang='lat' dir='ltr'><strong>constat:</strong></span> <span class='ocrx_word' id='word_1_338' title='bbox 930 2771 1039 2809; x_wconf 90' lang='lat' dir='ltr'><strong>‘cum</strong></span> <span class='ocrx_word' id='word_1_339' title='bbox 1072 2771 1303 2810; x_wconf 91' lang='lat' dir='ltr'><strong>Simonidis</strong></span> <span class='ocrx_word' id='word_1_340' title='bbox 1333 2782 1487 2810; x_wconf 89' lang='lat' dir='ltr'><strong>nomen</strong></span> <span class='ocrx_word' id='word_1_341' title='bbox 1517 2783 1601 2811; x_wconf 91' lang='lat' dir='ltr'><strong>non</strong></span> <span class='ocrx_word' id='word_1_342' title='bbox 1631 2771 1825 2811; x_wconf 89' lang='lat' dir='ltr'><strong>additum</strong></span> <span class='ocrx_word' id='word_1_343' title='bbox 1851 2771 1988 2812; x_wconf 62' lang='lat' dir='ltr'><strong>fuisse</strong></span> 
     </span>
     <span class='ocr_line' id='line_1_41' title="bbox 349 2834 1989 2886; baseline 0.004 -16"><span class='ocrx_word' id='word_1_344' title='bbox 349 2836 509 2871; x_wconf 83' lang='lat' dir='ltr'><strong>certum</strong></span> <span class='ocrx_word' id='word_1_345' title='bbox 553 2834 607 2873; x_wconf 88' lang='lat' dir='ltr'><strong>sit</strong></span> <span class='ocrx_word' id='word_1_346' title='bbox 649 2856 700 2862; x_wconf 87' lang='lat'><strong>——</strong></span> <span class='ocrx_word' id='word_1_347' title='bbox 743 2846 826 2873; x_wconf 91' lang='lat' dir='ltr'><strong>non</strong></span> <span class='ocrx_word' id='word_1_348' title='bbox 871 2835 983 2874; x_wconf 89' lang='lat' dir='ltr'><strong>enim</strong></span> <span class='ocrx_word' id='word_1_349' title='bbox 1027 2836 1305 2875; x_wconf 89' lang='lat' dir='ltr'><strong>nominantur</strong></span> <span class='ocrx_word' id='word_1_350' title='bbox 1343 2840 1490 2886; x_wconf 87' lang='lat' dir='ltr'><strong>poetae</strong></span> <span class='ocrx_word' id='word_1_351' title='bbox 1526 2837 1569 2875; x_wconf 92' lang='lat' dir='ltr'><strong>in</strong></span> <span class='ocrx_word' id='word_1_352' title='bbox 1610 2836 1899 2877; x_wconf 81' lang='lat' dir='ltr'><strong>monumentis</strong></span> <span class='ocrx_word' id='word_1_353' title='bbox 1932 2856 1989 2867; x_wconf 92' lang='lat'><strong>-·-</strong></span> 
     </span>
     <span class='ocr_line' id='line_1_42' title="bbox 350 2891 1986 2953; baseline 0.004 -18"><span class='ocrx_word' id='word_1_354' title='bbox 350 2897 428 2935; x_wconf 86' lang='lat' dir='ltr'><strong>hoe</strong></span> <span class='ocrx_word' id='word_1_355' title='bbox 464 2899 698 2948; x_wconf 87' lang='lat' dir='ltr'><strong>nescimus,</strong></span> <span class='ocrx_word' id='word_1_356' title='bbox 741 2900 855 2938; x_wconf 88' lang='lat' dir='ltr'><strong>unde</strong></span> <span class='ocrx_word' id='word_1_357' title='bbox 885 2900 1129 2939; x_wconf 88' lang='lat' dir='ltr'><strong>Herodotus</strong></span> <span class='ocrx_word' id='word_1_358' title='bbox 1161 2901 1419 2940; x_wconf 89' lang='lat' dir='ltr'><strong>Simonidem</strong></span> <span class='ocrx_word' id='word_1_359' title='bbox 1451 2902 1561 2941; x_wconf 88' lang='lat' dir='ltr'><strong>vatis</strong></span> <span class='ocrx_word' id='word_1_360' title='bbox 1589 2901 1791 2952; x_wconf 87' lang='lat' dir='ltr'><strong>epitaphii</strong></span> <span class='ocrx_word' id='word_1_361' title='bbox 1819 2891 1986 2953; x_wconf 61' lang='lat' dir='ltr'><strong>poetam</strong></span> 
     </span>
     <span class='ocr_line' id='line_1_43' title="bbox 349 2963 1988 3015; baseline 0.002 -14"><span class='ocrx_word' id='word_1_362' title='bbox 349 2963 564 3012; x_wconf 82' lang='lat' dir='ltr'><strong>cognitum</strong></span> <span class='ocrx_word' id='word_1_363' title='bbox 594 2963 819 3003; x_wconf 85' lang='lat' dir='ltr'><strong>habuerit&#39;.</strong></span> <span class='ocrx_word' id='word_1_364' title='bbox 1985 3012 1988 3015; x_wconf 23' lang='grc' dir='ltr'>ι</span> 
     </span>
    </p>

    <p class='ocr_par' dir='ltr' id='par_1_11' title="bbox 351 3027 1987 3146">
     <span class='ocr_line' id='line_1_44' title="bbox 405 3027 1982 3081; baseline 0.004 -16"><span class='ocrx_word' id='word_1_365' title='bbox 405 3027 430 3076; x_wconf 61' lang='grc' dir='ltr'><strong>,ξ</strong></span> <span class='ocrx_word' id='word_1_366' title='bbox 462 3029 498 3066; x_wconf 79' lang='grc' dir='ltr'><strong>(ἱ.</strong></span> <span class='ocrx_word' id='word_1_367' title='bbox 561 3028 603 3067; x_wconf 78' lang='lat' dir='ltr'><strong>d.</strong></span> <span class='ocrx_word' id='word_1_368' title='bbox 666 3030 864 3079; x_wconf 88' lang='lat' dir='ltr'><strong>Preger</strong></span> <span class='ocrx_word' id='word_1_369' title='bbox 908 3031 978 3079; x_wconf 79' lang='lat'><strong>(20</strong></span> <span class='ocrx_word' id='word_1_370' title='bbox 1017 3043 1055 3080; x_wconf 88' lang='lat' dir='ltr'><strong>p.</strong></span> <span class='ocrx_word' id='word_1_371' title='bbox 1102 3031 1149 3070; x_wconf 79' lang='lat'><strong>16</strong></span> <span class='ocrx_word' id='word_1_372' title='bbox 1192 3048 1243 3063; x_wconf 88' lang='lat'><strong><em>=</em></strong></span> <span class='ocrx_word' id='word_1_373' title='bbox 1283 3031 1387 3070; x_wconf 85' lang='lat' dir='ltr'><strong>diss.</strong></span> <span class='ocrx_word' id='word_1_374' title='bbox 1430 3044 1469 3081; x_wconf 87' lang='lat' dir='ltr'><strong>p.</strong></span> <span class='ocrx_word' id='word_1_375' title='bbox 1513 3031 1537 3071; x_wconf 86' lang='lat'><strong>6</strong></span> <span class='ocrx_word' id='word_1_376' title='bbox 1575 3031 1677 3081; x_wconf 89' lang='lat' dir='ltr'><strong>sq.).</strong></span> <span class='ocrx_word' id='word_1_377' title='bbox 1742 3031 1822 3071; x_wconf 86' lang='lat' dir='ltr'><strong>Hic</strong></span> <span class='ocrx_word' id='word_1_378' title='bbox 1858 3043 1900 3071; x_wconf 81' lang='lat' dir='ltr'><strong>v.</strong></span> <span class='ocrx_word' id='word_1_379' title='bbox 1939 3031 1982 3072; x_wconf 83' lang='lat' dir='ltr'><strong>d.</strong></span> 
     </span>
     <span class='ocr_line' id='line_1_45' title="bbox 351 3092 1987 3146; baseline 0.004 -16"><span class='ocrx_word' id='word_1_380' title='bbox 351 3092 637 3132; x_wconf 79' lang='lat' dir='ltr'><strong>Kaibelianam</strong></span> <span class='ocrx_word' id='word_1_381' title='bbox 686 3094 1101 3144; x_wconf 88' lang='lat' dir='ltr'><strong>interpretationem,</strong></span> <span class='ocrx_word' id='word_1_382' title='bbox 1153 3096 1195 3134; x_wconf 89' lang='lat' dir='ltr'><strong>iu</strong></span> <span class='ocrx_word' id='word_1_383' title='bbox 1243 3096 1374 3135; x_wconf 88' lang='lat' dir='ltr'><strong>altera</strong></span> <span class='ocrx_word' id='word_1_384' title='bbox 1422 3096 1655 3135; x_wconf 87' lang='lat' dir='ltr'><strong>sententiae</strong></span> <span class='ocrx_word' id='word_1_385' title='bbox 1695 3099 1816 3146; x_wconf 86' lang='lat' dir='ltr'><strong>parte</strong></span> <span class='ocrx_word' id='word_1_386' title='bbox 1855 3096 1987 3136; x_wconf 80' lang='lat' dir='ltr'><strong>eonti-</strong></span> 
     </span>
    </p>
   </div>
  </div>
 </body>
</html>
