2072 3568
895 164 946 206 33
1613 166 1638 220 g
1670 166 1733 208 20.

0 334 10 352 ὑ
156 291 268 334 Num
305 291 566 343 epigramma
601 291 813 341 quoddam
846 293 957 331 recte
989 291 1194 330 Simonidi
1224 291 1489 342 assignatum
1522 293 1733 343 videatur,

0 355 13 416 ξ
71 356 74 358 ’
102 359 145 399 id
181 359 352 398 demum
390 357 631 396 discernere
668 357 925 407 poterimus,
968 357 1003 395 si
1042 356 1243 408 κριτηρίῳ
1277 358 1462 406 quodam
1491 359 1739 408 dignoscere

0 435 25 506 ἒ(
101 424 260 474 licebit,
293 435 505 473 quaenam
534 423 840 472 epigrammata
869 422 1153 461 Simonideam
1182 423 1364 461 indolem
1389 425 1516 472 atque
1540 426 1735 462 naturam

0 525 7 541 ,Δ
102 501 204 541 prae
231 501 278 528 se
305 489 456 527 ferant.
490 488 628 533 Quam
657 487 946 537 distinguendi
977 487 1180 526 rationem
1211 488 1407 537 adipisci,
1441 489 1609 538 opinor,
1643 500 1737 538 pose

0 543 21 626 ’ἱ
82 547 253 615 ¹sumus
281 554 475 593 instituta
505 553 819 603 comparatione
846 553 956 592 inter
984 553 1312 602 epigrammata,
1346 565 1455 602 quae
1479 553 1737 592 Simonidem

5 627 7 631 ’
101 620 391 670 composuisse
427 620 615 668 constat,
656 619 738 657 tria
775 621 814 657 et
852 619 990 667 quinti
1029 619 1184 657 saeculi
1217 619 1513 668 inscriptiones
1543 619 1738 658 metricas

0 641 8 735 ι
103 685 314 735 vulgares.
348 684 645 723 Adhibendum
675 684 830 726 scilicet
859 685 923 722 est
952 685 1146 722 nostrum
1177 682 1390 734 κριτήριον
1417 684 1460 721 in
1491 684 1541 721 iis
1571 686 1734 722 tantum

0 737 7 789 Ῑ
100 749 418 800 epigrammatis
438 770 490 776 —
509 749 638 798 idque
656 749 699 787 in
721 761 869 788 eorum
889 749 1026 787 forma
1047 748 1343 797 antiquissima
1365 771 1414 776 —-
1435 760 1545 798 quae
1565 751 1738 798 propter

0 799 7 906 ι
101 816 402 865 argumentum
439 826 463 853 a
505 813 721 853 Simonide
759 814 881 852 condi
920 815 1150 863 potuerunt
1187 825 1382 862 quaeque
1415 825 1489 863 per
1518 815 1737 862 antiquam

101 879 368 919 traditionem
397 880 440 918 in
472 879 714 919 Collectoris
742 879 881 917 fontes
906 879 1129 918 transiisse
1154 879 1220 917 vel
1244 880 1405 918 certum
1432 879 1497 917 vel
1521 879 1738 928 probabile

101 946 176 984 est.
217 944 473 983 Traditionis
511 947 649 983 autem
691 945 845 982 natura
874 955 922 982 ea
951 946 1036 993 est,
1079 946 1126 982 ut
1155 942 1456 982 concedamus
1485 955 1655 982 necesse
1684 945 1738 982 sit

19 1051 21 1053 ,
100 1008 206 1050 fieri
234 1020 393 1061 posse,
436 1011 483 1048 ut
521 1009 687 1047 nullum
725 1009 987 1059 epigramma
1025 1031 1076 1035 ·—
1114 1010 1281 1058 praeter
1313 1008 1393 1047 tria
1422 1009 1491 1047 illa
1520 1030 1572 1036 -—
1604 1008 1737 1047 Simo-

11 1076 29 1085 ”
73 1075 212 1114 nidis
259 1075 551 1114 auctoritatem
594 1074 686 1112 iure
727 1074 927 1123 adeptum
970 1085 1064 1112 esse
1105 1074 1344 1122 disquisitio
1387 1075 1531 1123 nostra
1574 1074 1732 1113 doceat.

95 1138 369 1190 ‘Quamquam
413 1140 588 1178 lectores
632 1151 804 1178 monere
846 1139 970 1177 velim
1008 1150 1145 1177 meam
1183 1139 1354 1188 quidem
1392 1139 1736 1188 disceptationem

15 1248 34 1255 ἃ
100 1216 149 1244 eo
178 1205 414 1255 negationis
443 1205 529 1244 non
559 1205 823 1254 pervenisse:
854 1204 1188 1254 licet‘perpauca
1217 1215 1311 1253 epp.
1344 1203 1475 1254 (octo,
1510 1205 1561 1242 cf.
1591 1203 1615 1255 ξ
1642 1203 1734 1254 144)

11 1262 38 1316 ἦ,
101 1271 247 1320 poetae
284 1263 431 1309 nostro
466 1270 761 1309 vindicaturus
797 1270 890 1308 sim.
937 1269 1105 1308 Nullius
1133 1269 1451 1319 epigrammatis
1481 1271 1620 1307 tamen
1650 1271 1735 1308 tam

100 1337 214 1375 certo
241 1337 332 1375 eius
361 1336 591 1375 auctoritas
620 1335 819 1375 constitui
850 1335 1021 1385 poterit,
1055 1346 1184 1384 quam
1215 1334 1652 1384 Thermopylensium.

12 1439 31 1455 „
154 1401 314 1440 Eorum
344 1403 560 1451 praeterea
589 1401 966 1451 epigrammatum,
999 1411 1110 1449 quae
1133 1399 1287 1438 iniuria
1314 1399 1543 1438 Simonidis
1569 1400 1738 1438 nomine

8 1473 23 1494 θ’
100 1467 250 1505 ornata
280 1466 558 1515 videbuntur,
592 1467 800 1514 quantum
832 1465 1004 1514 poterit,
1039 1465 1334 1503 constituenda
1362 1466 1425 1503 est
1453 1465 1585 1514 origo.

155 1530 264 1570 Fieri
305 1533 464 1581 potest,
511 1532 558 1570 ut
600 1531 723 1570 etiam
768 1531 892 1569 hodie
933 1532 1075 1568 extent
1117 1530 1226 1568 inter
1265 1529 1560 1578 inscriptiones
1600 1530 1736 1578 quinti

100 1596 256 1635 saeculi
286 1597 376 1635 sive
403 1596 446 1635 in
478 1596 763 1635 marmoribus
793 1596 883 1634 sive
911 1595 1024 1644 apud
1055 1596 1283 1644 scriptores
1313 1595 1505 1632 servatas
1529 1594 1735 1644 epigram-

35 1674 38 1675 ⁷
101 1662 213 1700 mata
256 1673 493 1712 anonyma,
539 1673 650 1711 quae
692 1673 840 1700 revera
882 1672 906 1699 a
948 1660 1163 1699 Simonide
1201 1660 1386 1709 profecta
1426 1659 1531 1708 sint,
1579 1659 1736 1708 quibus

101 1728 264 1777 autem,
306 1727 406 1777 quia
443 1728 486 1766 in
526 1727 768 1767 Collectoris
807 1727 945 1765 fontes
981 1738 1066 1764 non
1096 1726 1404 1775 pervenerunt,
1447 1736 1680 1774 numquam
1711 1737 1735 1763 a

102 1792 280 1842 posteris
321 1792 563 1831 Simonidea
601 1792 831 1831 auctoritas
864 1793 928 1830 est
956 1803 1135 1830 annexa.
1184 1791 1246 1829 Ea
1274 1791 1326 1828 de
1354 1801 1483 1828 causa
1512 1790 1622 1828 intra
1653 1790 1735 1828 dis-

101 1857 370 1908 quisitionem
409 1860 599 1897 nostram
637 1858 870 1897 trahendae
908 1859 1009 1895 sunt
1047 1856 1344 1905 inscriptiones
1364 1855 1570 1894 'metricae
1602 1855 1734 1893 Simo-

67 1968 70 1970 *
102 1922 212 1962 nidis
241 1923 404 1963 aetatis.

7 1975 42 1995 ’Μ
153 1987 363 2034 Quoniam
409 1989 714 2039 epigrammata
761 2000 785 2027 a
836 1987 1052 2027 Simonide
1098 1988 1191 2037 ipso
1232 1986 1426 2036 condita,
1478 1987 1512 2025 si
1555 1998 1638 2035 qua
1682 1987 1734 2024 ad

11 2054 41 2099 js,
102 2055 292 2103 posteros
334 2054 626 2104 pervenerint,
674 2054 844 2092 nonnisi
887 2064 1100 2103 anonyma
1143 2052 1253 2091 tradi
1296 2053 1486 2102 potuisse
1524 2052 1730 2100 vidimus,

101 2121 276 2169 apparet
317 2120 613 2170 quaestiones,
664 2131 775 2168 quae
815 2119 900 2157 sint
941 2119 994 2157 de
1039 2118 1255 2157 Simonide
1297 2117 1641 2167 epigrammatico
1684 2116 1736 2154 de

101 2183 277 2235 eiusque
314 2197 488 2235 poeseos
525 2184 895 2235 epigrammaticae
932 2183 1071 2222 indole
1109 2185 1236 2232 atque
1265 2182 1306 2220 in
1338 2183 1496 2221 Graeca
1527 2182 1734 2231 epigram·

102 2250 251 2289 matica
279 2251 395 2301 poesi
424 2251 672 2290 auctoritate
700 2261 870 2299 usuque
897 2271 950 2276 —
979 2260 1077 2288 nam
1108 2249 1231 2287 etiam
1262 2248 1314 2286 de
1343 2248 1392 2285 iis
1422 2247 1604 2295 denique
1630 2246 1734 2284 iudi-

101 2314 212 2355 cium
249 2315 471 2355 ferendum
509 2316 587 2355 erit
625 2338 675 2343 —-
715 2316 839 2365 plane
875 2326 970 2353 esse
1006 2314 1266 2352 divellendas
1295 2315 1335 2351 et
1364 2312 1417 2351 ab
1446 2311 1736 2350 aestimatione

3 2370 63 2435 323²
101 2380 453 2430 epigrammatum
482 2383 627 2431 postea
657 2381 699 2419 in
729 2380 900 2429 Sylloge
926 2379 1166 2418 Simonidea
1191 2380 1318 2427 atque
1344 2378 1384 2415 in
1411 2377 1501 2415 eius
1527 2376 1734 2425 excerptis

102 2446 247 2495 poetae
283 2446 620 2485 adiudicatorum
657 2448 697 2484 et
734 2445 788 2484 ab
826 2444 1096 2492 auctoritate,
1138 2455 1222 2492 qua
1261 2443 1431 2492 Sylloge
1469 2443 1605 2480 fructa
1642 2453 1735 2479 esse

59 2510 63 2528 ³
103 2508 308 2550 videatur.
354 2510 448 2556 Qua
476 2511 529 2550 de
556 2522 685 2550 causa
715 2522 811 2549 cum
843 2509 1076 2548 Kaibelium
1109 2507 1154 2558 (ξ
1186 2507 1255 2557 21)
1287 2507 1735 2555 Wilamowitziumque

2 2570 19 2632 ἑ,
39 2582 65 2619 '51
105 2571 151 2626 (ξ
180 2574 228 2614 21
267 2578 308 2614 et
344 2587 443 2615 ann.
477 2575 653 2625 55—57)
693 2587 861 2615 errasse
898 2576 1022 2624 puto,
1065 2573 1160 2623 qui,
1203 2585 1298 2611 cum
1337 2572 1476 2611 omnia
1517 2572 1603 2610 fere
1636 2583 1729 2620 epp.

3 2631 12 2693 ff,
42 2643 65 2670 Ἥ
105 2637 345 2680 Simonidea
387 2653 410 2680 a
456 2641 673 2681 Simonide
709 2641 845 2680 aliena
883 2651 977 2678 esse
1016 2639 1227 2687 viderent,
1276 2629 1523 2686 negaverint
1561 2648 1655 2674 eum
1695 2639 1734 2674 et

5 2726 14 2732 2
103 2704 332 2756 principem
362 2708 528 2756 poetam
555 2705 949 2756 epigrammaticum
980 2704 1114 2743 fuisse
1141 2706 1181 2742 et
1207 2697 1373 2741 summa
1399 2702 1511 2751 apud
1538 2701 1734 2750 aequales

43 2770 58 2811 J
103 2767 300 2810 floruisse
339 2771 496 2821 gloria,
544 2783 673 2820 quam
712 2770 993 2820 posteriorum
1033 2769 1202 2807 demum
1243 2768 1461 2806 hominum
1501 2766 1651 2805 fraude
1687 2778 1733 2803 ac

10 2859 11 2862 =
45 2840 63 2871 ί
104 2834 347 2875 credulitate
384 2838 565 2875 nanctus
594 2838 726 2885 esset,
770 2838 859 2874 tum
892 2834 1260 2874 Reitzensteinium
1294 2832 1340 2883 (ξ
1376 2833 1448 2870 1253
1478 2831 1618 2880 sqq),
1661 2831 1731 2879 qui

38 2908 63 2941 ἰ
105 2901 247 2952 poetas
270 2901 637 2951 epigrammaticos
663 2900 990 2949 Alexandrinos,
1023 2898 1400 2948 Peloponnesiacae
1425 2897 1600 2934 Scholae
1621 2907 1733 2933 asse-

47 2959 69 3012 ᾗ
105 2964 190 3004 elas
217 2968 316 3006 ante
342 2978 512 3017 omnes,
554 2978 663 3016 quos
695 2966 963 3005 Simonidem
994 2965 1187 3013 Sylloges
1216 2963 1519 3012 epigrammata
1551 2961 1732 2998 imitatos

104 3038 197 3070 ense
217 3019 272 3059 ’-
297 3020 430 3081 'atque
457 3032 498 3071 id
528 3032 681 3070 iniuria
713 3052 763 3059 —
792 3032 981 3080 putaret,
1015 3041 1038 3067 a
1071 3027 1287 3067 Simonide
1312 3027 1493 3076 pendere
1520 3027 1636 3063 ratus
1663 3025 1728 3062 sit.

1579 3090 1601 3121 3
