2072 3568
0 3067 3 3077 -
0 3036 3 3046 »
0 2779 7 3008 ψῆφ-,η-..ᾼ-η,

4 3204 7 3211 “
35 3133 40 3140 .
0 3019 33 3118 Ἶςῖτκὲε
11 2891 35 2974 ἥκητε»
13 2867 28 2880 4

9 2764 34 2836 *azar-»w

17 2834 33 2858 Ὗ

876 222 952 271 115
1500 220 1526 284 ἓ
1557 221 1728 274 65—67'.

153 349 291 397 Semel
327 353 567 405 iterumque
605 351 842 395 Pausanias
881 355 1064 407 neglexit
1098 356 1458 407 opportunitatem
1491 356 1731 398 Simonidea

96 423 401 472 epigrammata
431 422 661 471 afferendi,
695 433 805 470 quae
835 421 1003 461 Corona
1032 423 1069 460 ei
1098 423 1372 472 suppeditare
1400 425 1607 472 potuerat.
1657 425 1732 463 De-

98 487 336 526 sideramus
378 498 460 536 e.g.
500 498 594 536 epp.
635 487 1022 535 Eurymedontiaca
1064 486 1182 537 (105,
1227 486 1319 537 142)
1363 488 1396 525 Ι.
1430 488 1493 526 29.
1530 489 1578 527 13
1608 500 1728 538 sqq.,

96 563 160 602 ep.
194 552 443 602 Megarense
472 550 587 602 (107)
620 552 653 590 Ι.
683 551 747 590 43.
776 552 813 590 3.

753 664 815 702 12.
878 672 1074 703 POLLUX.

152 762 177 820 ἓ
209 763 272 802 67.
334 762 401 802 De
428 762 652 814 Meleayri
681 762 863 804 Corona
891 776 920 804 a
950 764 1134 805 Polluce
1162 767 1405 816 usurpata.
1458 767 1732 817 Epigramma

99 828 389 868 Simonideum
420 829 496 868 130
523 829 567 867 in
597 830 807 879 Lycadem
838 830 1086 870 Thessalam
1116 843 1285 881 canem,
1329 832 1443 880 quod
1473 832 1629 871 Polluci
1663 832 1727 884 (V.

96 892 165 944 47)
205 895 423 943 acceptum
462 894 710 943 referimus,
753 906 837 933 non
877 906 929 933 ex
959 896 1187 944 scriptione
1215 897 1400 945 quadam
1431 898 1728 947 grammatica,

96 970 207 1008 quae
253 970 347 997 esse
395 959 563 997 videtur
611 959 915 998 Wilamowitzii
958 960 1220 1009 Kaibeliique
1261 962 1403 1010 opinio
1431 958 1511 1011 63),
1566 962 1639 1000 sed
1682 974 1733 1001 ex

97 1023 262 1063 Corona
300 1024 534 1074 Meleagrea
572 1025 776 1063 traditum
812 1037 928 1075 esse,
971 1026 1086 1064 haud
1121 1026 1294 1065 difficile
1329 1027 1622 1066 demonstratu
1652 1031 1728 1066 est.

97 1089 416 1128 Enumerantur
453 1101 550 1128 cum
588 1089 768 1128 aliorum
805 1101 960 1128 canum
998 1090 1224 1129 celebrium
1256 1092 1427 1130 nomina
1456 1093 1548 1130 tum
1577 1092 1728 1142 trium,

96 1166 280 1203 quorum
321 1155 568 1193 memoriam
605 1156 924 1205 epigrammatis
962 1156 1217 1194 illustratam
1255 1157 1505 1206 epitomator
1544 1169 1734 1196 resecare

98 1220 231 1258 noluit
252 1218 321 1270 64).
350 1220 622 1269 ,Celebratur
670 1220 934 1278 Lethargust,
983 1221 1057 1269 qui
1096 1233 1191 1259 cum
1232 1221 1525 1270 Hippaemone
1562 1223 1733 1260 domino

95 1285 240 1324 eodem
271 1285 465 1334 sepulcro
493 1285 689 1324 conditus
718 1287 804 1335 est,
837 1286 880 1324 in
905 1286 1119 1335 epitaphio
1144 1298 1380 1336 anonymo,
1415 1287 1529 1335 quod
1544 1288 1728 1326 AP.VII.

96 1349 173 1389 304
194 1349 404 1389 Pisandro
423 1350 639 1389 tribuitur.
674 1350 797 1395 Quod
817 1351 969 1400 excipit
992 1350 1283 1390 Simonideum
1303 1364 1368 1401 ep.
1387 1352 1462 1391 130
1480 1351 1621 1402 (Preg.
1638 1352 1730 1403 51):

96 1413 270 1460 ἔνδοξον
299 1413 345 1453 δὲ
373 1413 443 1454 καὶ
473 1413 653 1454 Λυκάὸα
683 1413 756 1467 τὴν
791 1413 998 1467 Θετταλὴν
1025 1414 1344 1468 Σιμωνίδης
1372 1416 1540 1469 ἐποίησε
1565 1417 1734 1470 γράψας

97 1478 205 1519 τουτὶ
242 1478 627 1532 τούπίγραμμα
666 1479 731 1519 ἐπὶ
766 1483 826 1532 τῷ
860 1479 984 1532 τάφῳ
1018 1483 1089 1533 τῆς
1122 1480 1271 1525 κυνός·
1309 1494 1395 1531 seq.
1429 1494 1494 1532 ep.
1530 1483 1627 1533 130,
1666 1485 1733 1522 cui

96 1546 279 1594 denique
307 1546 555 1595 adiungitur
584 1546 743 1595 Anytes
772 1546 1034 1595 epigramma
1054 1547 1097 1584 in
1120 1547 1337 1586 Locridem
1359 1559 1506 1586 canem
1529 1547 1618 1598 (Pr.
1643 1549 1728 1598 52).

98 1610 440 1650 Consentaneum
485 1613 548 1649 est
589 1611 670 1649 tria
713 1611 782 1649 illa
820 1622 913 1660 epp.
953 1612 1163 1650 Pollucem
1203 1612 1268 1650 vel
1305 1612 1397 1651 eius
1435 1616 1650 1652 auctorem
1690 1614 1731 1652 in

97 1675 242 1715 eodem
259 1676 465 1725 scriptore
479 1675 723 1714 offendisse.
751 1675 982 1714 Simonidis
997 1678 1138 1715 autem
1150 1677 1396 1726 Anytesque
1410 1678 1729 1728 epigrammata,

15 1743 25 1793 J
97 1741 139 1779 in
174 1741 320 1780 eodem
356 1741 571 1780 versantia
607 1742 882 1791 argumento,
922 1740 1145 1780 coniuncta
1175 1742 1357 1781 inveniri
1387 1754 1471 1781 non
1502 1746 1732 1792 potuerunt

98 1806 179 1845 nisi
207 1806 250 1845 in
280 1806 447 1846 Corona
475 1807 697 1856 Meleagri,
731 1818 855 1855 quem
887 1808 926 1845 et
955 1807 1035 1845 alia
1059 1818 1155 1856 epp.
1179 1808 1415 1846 secundum
1431 1811 1731 1858 argumentmn

0 1847 25 1940 j
97 1872 387 1921 composuisse
415 1874 580 1911 constat
612 1871 682 1923 (cf.
704 1871 729 1922 ξ
747 1870 816 1921 89)
849 1874 888 1910 et
914 1873 1065 1911 seriem
1090 1873 1445 1922 epigrammatum
1471 1874 1512 1911 in
1536 1875 1732 1913 animalia

12 1934 31 1969 ζ
98 1939 263 1976 mortua
289 1937 568 1976 concinnasse
591 1939 772 1976 testatur
796 1938 1084 1987 fragmentum
1111 1938 1392 1987 Meleagreum
1418 1939 1499 1977 ΑΡ.
1520 1940 1613 1978 VII.
1642 1940 1729 1989 192,

61 1995 75 2003 ‘
97 2001 196 2051 203,
228 2001 438 2040 207-212
470 2001 552 2052 (ep.
586 2002 661 2040 211
694 2003 884 2052 Tymnae
904 2002 946 2040 in
968 2013 1126 2041 canem
1148 2003 1406 2051 Melitaeum;
1439 2003 1613 2054 Anytcs
1633 2008 1733 2043 sunt

97 2077 190 2115 epp.
223 2060 323 2116 202,
365 2066 464 2116 208,
507 2067 561 2106 cf.
595 2067 692 2117 192,
735 2067 847 2117 215).
894 2068 1102 2106 Neutrum
1138 2079 1202 2117 ep.
1236 2080 1259 2106 a
1299 2068 1482 2117 Cephala
1520 2072 1731 2119 receptum

97 2133 173 2170 est.
212 2131 399 2170 Tertium
437 2144 501 2181 ep.
544 2144 567 2170 a
606 2132 775 2170 Polluce
812 2133 1009 2182 allatum,
1052 2132 1167 2181 quod
1197 2144 1220 2171 a
1251 2133 1463 2171 Favorino
1492 2145 1661 2182 quoque
1691 2135 1731 2171 in

99 2196 264 2236 Corona
306 2197 540 2246 Meleagrea
584 2197 737 2235 lectum
780 2208 874 2235 esse
912 2197 1098 2236 vidimus
1144 2196 1189 2248 (ξ
1221 2196 1314 2246 53),
1361 2199 1530 2236 transiit
1569 2199 1610 2236 in
1648 2199 1728 2237 ΛΡ.

99 2261 191 2301 VII.
224 2261 302 2300 304
322 2261 392 2312 65).

151 2326 202 2365 In
231 2327 408 2377 originis
437 2327 711 2375 inquisitione
739 2328 883 2366 eadem
916 2339 1063 2366 norma
1095 2330 1290 2366 nostrum
1320 2339 1383 2377 ep.
1414 2328 1731 2367 diiudicandum

98 2393 160 2430 est
189 2393 317 2441 atque
344 2403 415 2441 ea,
449 2403 559 2440 quae
587 2394 753 2431 tantum
782 2393 825 2431 in
857 2392 1023 2431 Corona
1053 2393 1231 2431 affuisse
1259 2395 1443 2441 constat3
1481 2393 1533 2431 de
1564 2393 1734 2443 Sylloge

98 2456 208 2495 enim
248 2457 351 2495 nihil
389 2457 561 2496 scimus.
608 2457 731 2503 Quod
769 2458 964 2497 consulto
1003 2470 1172 2506 moneo;
1213 2458 1311 2506 quia
1347 2470 1413 2496 me
1441 2459 1734 2497 demonstrare

99 2533 224 2571 posse
260 2522 428 2561 confido
466 2522 544 2561 hoc
580 2534 645 2572 ep.
691 2523 946 2562 Simmiae
983 2535 1077 2562 esse
1114 2525 1242 2572 atque
1279 2523 1319 2561 in
1361 2523 1526 2562 Corona
1562 2523 1731 2562 demum

100 2587 319 2626 nominum
361 2587 475 2626 haud
519 2588 699 2627 multum
738 2588 1007 2627 diversorum
1047 2589 1296 2627 confusione
1338 2588 1603 2626 Simonidi
1641 2601 1735 2627 esse

99 2652 351 2691 attributum
383 2651 487 2702 (vid.
521 2653 592 2692 alt.
626 2654 666 2692 h.
701 2666 735 2692 c.
770 2653 848 2704 p.).

143 2756 190 2798 ⁶3)
236 2758 378 2791 Wilam.
403 2769 434 2800 p.
458 2758 524 2791 322
548 2770 582 2792 n.
607 2759 645 2792 1:
671 2757 733 2802 ‘ep.
758 2759 824 2792 130
847 2761 1007 2792 erhalteu
1133 2770 1197 2792 uus
1221 2760 1514 2801 grammatisclier
1534 2760 1733 2792 'rrmlitiont

102 2812 199 2846 Kaib.
232 2824 262 2855 p.
286 2813 351 2846 453
381 2815 572 2847 celebrium
602 2826 731 2848 canum
756 2816 1059 2848 enumerationem
1085 2820 1208 2857 (atque
1233 2815 1323 2857 epp.)
1348 2826 1387 2847 cx
1415 2819 1556 2847 :uu-tore
1581 2817 1733 2856 quonlam

100 2869 320 2911 desumptam
345 2879 420 2902 esse
445 2875 546 2912 putat
569 2871 612 2903 ab
636 2872 833 2904 Aristotelis
855 2876 971 2904 aetate
998 2883 1065 2904 non
1091 2872 1279 2903 admodum
1307 2876 1449 2903 remoto.

144 2924 191 2965 64)
237 2924 462 2958 omittuntur
493 2927 749 2969 epigrammata
780 2929 814 2959 in
848 2928 1023 2960 codicibus
1053 2928 1123 2968 BE,
1157 2928 1198 2959 ιΙυ,
1223 2938 1372 2969 quorum
1401 2929 1533 2959 ratione
1558 2929 1599 2959 vi'.
1629 2928 1734 2958 lta-un»

102 2981 136 3013 in
164 2981 414 3023 prolegomenis
439 2993 513 3025 pag.
540 2983 580 3016 X.

145 3035 192 3077 05)
239 3037 429 3070 Favorinus
451 3037 508 3079 (=
534 3039 672 3072 Ps.-ni0
697 3039 776 3072 Chr.
801 3039 854 3072 237.
879 3039 938 3079 39)
961 3044 997 3071 ot
1024 3040 1141 3070 l'oliux
1168 3040 1226 3075 (rs.
1253 3039 1376 3070 lewine.
1401 3039 1460 3077 0⁴5)
1487 3040 1732 3080 priustaulum

102 3092 273 3126 distichon
298 3094 446 3127 laudaut
471 3095 576 3137 idque
600 3104 830 3138 anonymum.

1563 3150 1602 3183 8*
