2072 3568
916 243 966 282 59
1527 244 1552 295 ξ
1583 245 1655 294 30,
1689 244 1753 284 31.

122 367 168 413 in
204 379 290 418 qua
327 364 588 407 Simonidis
625 378 777 406 versus
814 367 987 416 quidam
1028 367 1250 418 respicitur
1290 367 1360 418 (fr.
1394 368 1471 407 215
1508 367 1600 418 B.):
1640 367 1683 407 ἓν
1713 366 1758 406 δὲ

63 417 254 484 ngoio'
293 430 524 483 ἁδύπνοος]
565 444 589 471 a
594 462 781 471 .....
815 433 856 471 b.
896 431 983 471 ἀντὶ
1011 435 1084 472 τοῦ
1113 431 1314 483 μουσικοί
1337 432 1430 472 εἰσι·
1469 431 1660 484 παρόσον
1688 432 1758 472 καὶ

62 490 102 556 J·
122 496 288 551 ποιηταὶ
325 495 622 550 διασημότατοι
659 496 702 536 ἓν
740 495 946 549 Κορίνθῳ
983 496 1194 549 ἐγένοντο,
1233 494 1296 537 ὧν
1324 495 1375 548 ἦν
1403 497 1474 537 καὶ
1503 497 1668 544 Αἴσων,
1706 495 1757 537 οἷ·

69 557 81 598 1²
123 563 328 616 μέμνηται
363 561 408 602 Σ
414 577 427 602 ι
436 561 692 615 μωνίὸης.
736 563 866 602 Valde
894 563 1024 614 igitur
1053 563 1271 612 probabile
1299 566 1362 602 est
1391 564 1755 603 Chamaeleontem

125 629 355 670 sententiae
391 629 534 678 partes
571 627 802 667 concinnas
843 626 906 679 (ἓν
943 626 989 667 δὲ
1028 657 1191 673 .....
1231 627 1275 667 ἒν
1304 626 1349 667 δὲ
1380 660 1386 666 .
1419 660 1425 667 .
1457 660 1464 667 .
1496 628 1522 678 .)
1561 629 1758 668 versibus

7 716 13 745 ξ,
46 684 82 743 ff?
123 694 360 734 illustrasse
389 691 685 733 Simonideis.
725 693 849 738 Quod
878 693 921 732 in
951 705 1020 743 eo,
1055 693 1127 742 qui
1157 694 1247 743 ipse
1275 693 1327 732 de
1358 694 1573 733 Simonide
1600 694 1757 733 librum

8 750 70 802 ”f
123 759 398 809 conscripsit,
446 770 532 797 non
574 759 793 797 miramur.
841 758 935 804 Qua
972 770 1025 797 ex
1063 770 1108 796 re
1145 758 1272 796 simul
1309 760 1484 808 apparet
1521 759 1604 798 iam
1643 759 1757 809 apud

8 819 51 837 '‘
125 812 490 865 Chamaeleontem
529 835 684 862 nomen
723 820 954 863 Simonidis
983 823 1277 873 epigrammati
1306 823 1515 862 adiectum
1543 824 1758 863 invenisse

7 913 11 948 ς
123 889 406 940 Athenaeum,
453 901 592 939 neque
631 901 729 928 eum
770 889 874 927 illud
917 889 1088 928 aliunde
1125 889 1300 938 petitum
1338 889 1382 927 in
1421 889 1757 928 Chamaeleontis

123 955 313 996 notitiam
342 955 582 995 intrusisse.

7 1066 10 1069 .
177 1021 292 1061 Haec
328 1021 512 1071 denique
550 1031 618 1059 res
655 1020 802 1059 testari
842 1019 943 1058 mihi
981 1019 1149 1058 videtur
1178 1019 1495 1070 Theopompum
1526 1020 1755 1059 adductum

52 1125 54 1128 ,
122 1077 206 1132 iam
229 1085 364 1126 fuisse
386 1087 501 1137 apud
526 1086 916 1135 Chamaeleontem,
950 1085 1065 1135 quod
1091 1085 1332 1124 Athenaeus
1357 1086 1638 1135 Theopompei
1662 1084 1757 1124 libri

8 1159 12 1173 '¹
70 1150 90 1171 ³
123 1161 350 1192 numerum
365 1152 530 1191 adicere
546 1151 798 1201 supersedit.
825 1151 947 1197 Quod
965 1151 1126 1190 sanein
1143 1151 1295 1200 quovis
1312 1151 1516 1200 scriptore
1531 1151 1644 1200 apud
1660 1162 1755 1189 eum

51 1208 77 1274 [ss
123 1217 294 1256 laudato
313 1217 542 1267 ferremus,
566 1217 641 1256 sed
661 1217 705 1255 in
725 1217 1015 1267 Theopompo,
1039 1228 1166 1266 quem
1186 1216 1336 1256 cotidie
1354 1216 1515 1255 terebat
1534 1216 1753 1265 manibus,

8 1291 12 1321 ἰ
123 1281 319 1322 fortunae
355 1283 632 1322 tribuendum
671 1294 756 1322 non
787 1283 975 1332 videtur,
1017 1282 1146 1331 idque
1173 1293 1222 1320 eo
1252 1281 1414 1331 minus,
1457 1281 1570 1330 quod
1600 1281 1757 1320 Timaei

7 1355 10 1375 ἐ
68 1358 79 1399 g*
98 1400 102 1403 ἱ
122 1344 218 1387 libri
246 1359 453 1387 numerus
482 1360 568 1387 non
599 1348 850 1399 neglegitur.
886 1348 992 1388 Cum
1023 1348 1294 1398 Theopompo
1322 1359 1370 1386 ea
1400 1349 1490 1385 erat
1518 1347 1753 1396 Athenaeo,

75 1414 87 1457 f
123 1411 190 1451 eui
213 1423 414 1464 magnam
438 1415 601 1463 partem
626 1413 718 1452 eius
743 1413 983 1463 fragmenta
1005 1414 1174 1462 accepta
1195 1413 1440 1461 referimus,
1469 1412 1753 1460 consuetudo,

8 1490 11 1493 ¹
59 1506 89 1528 „4
122 1477 171 1516 ut
207 1477 296 1517 fere
333 1490 570 1528 numquam
607 1478 815 1517 librorum
854 1478 945 1517 eius
984 1489 1185 1518 numeros
1220 1478 1375 1517 addere
1402 1477 1566 1516 omittat
1594 1475 1662 1527 32).
1712 1477 1782 1516 Si·

123 1541 443 1594 Theopompum
480 1544 565 1583 iam
602 1544 792 1594 neglecto
828 1544 926 1583 libri
964 1555 1142 1583 numero
1179 1555 1203 1582 a
1233 1543 1556 1583 Chamaeleonte
1583 1542 1756 1581 allatum

55 1600 258 1667 [fuisse
293 1610 496 1660 putamus
528 1632 580 1637 —
610 1621 748 1660 neque
775 1610 819 1648 in
852 1609 1019 1649 Scholio
1050 1609 1272 1648 Pindarico
1300 1608 1406 1647 liber
1435 1608 1757 1658 Theopompeus

124 1674 364 1714 accuratius
392 1675 604 1715 indicatur
633 1697 683 1702 —-
713 1687 782 1714 res
811 1675 931 1714 facile
958 1675 1192 1725 expeditur.

70 1777 82 1797 ,μ
179 1737 205 1790 ἓ
235 1739 299 1779 31.
359 1739 428 1780 De
465 1739 815 1781 Chamaeleonte
851 1741 992 1792 atque
1033 1739 1228 1780 Timaeo.
1290 1739 1677 1788 Chamaeleontem,
1721 1739 1757 1777 si

53 1815 84 1842 ;’
107 1804 248 1844 unice
280 1805 552 1856 Theopompo
586 1817 694 1845 usus
723 1809 856 1856 esset,
899 1806 1044 1845 eadem
1074 1805 1331 1845 narrationis
1359 1805 1561 1843 elementa
1591 1805 1757 1854 praeter

8 1892 12 1900 .
124 1870 364 1914 meretrices
401 1872 665 1921 eandemque
702 1873 830 1921 atque
866 1871 984 1910 illum
1022 1870 1340 1921 epigrammatis
1377 1869 1645 1909 traditionem
1685 1867 1754 1918 (A)

6 1951 11 1977 ·
119 1934 410 1993 exhibiturum
441 1937 575 1977 fuisse
603 1948 776 1977 necesse
803 1939 867 1976 est
894 1936 962 1988 33).
1002 1937 1179 1976 Praebet
1209 1938 1348 1975 autem
1376 1935 1645 1974 traditionem
1674 1933 1756 1983 epi-

8 2014 18 2018 ’·
49 2000 84 2052 ξ’,
123 2001 372 2050 grammatis
404 2002 453 2051 S3
485 2003 599 2042 unde
628 2003 822 2053 sequitur
850 2014 946 2042 eum
978 2003 1144 2052 praeter
1174 2002 1493 2052 Theopompum
1522 2010 1757 2049 usurpasse

5 2059 14 2118 ξ’
73 2085 76 2090 v
124 2062 302 2116 fontem,
342 2077 395 2106 ex
423 2078 509 2117 quo
538 2079 692 2107 nomen
725 2067 955 2107 Simonidis
984 2067 1210 2107 derivaret.
1258 2066 1381 2112 Quod
1411 2065 1625 2104 undenam
1656 2063 1755 2113 peti-

124 2129 252 2181 verit,
292 2131 336 2170 in
374 2134 575 2183 promptu
613 2134 689 2172 est.
737 2133 802 2171 Ex
831 2144 879 2171 eo
910 2132 1066 2171 scilicet
1095 2132 1320 2182 scriptore,
1362 2142 1487 2181 quem
1517 2129 1640 2169 tertio
1667 2129 1756 2167 loco

67 2319 83 2325 ι(
166 2271 214 2314 32)
259 2274 439 2307 Laudatur
451 2275 696 2318 Theopompus
713 2276 805 2318 apud
821 2275 1057 2316 Athenaeum,
1077 2278 1117 2307 ut
1133 2284 1173 2307 ex
1190 2274 1392 2307 Kaibeliano
1406 2273 1518 2305 indice
1530 2271 1575 2313 (p.
1588 2271 1654 2303 670
1666 2270 1757 2313 sqq.)

2 2324 8 2335 ³
52 2331 74 2369 f
123 2333 278 2372 apparet,
293 2332 491 2374 septuagies
509 2337 646 2375 quater.
672 2332 815 2365 Praeter
833 2335 992 2365 nostrum
1012 2332 1126 2364 locum
1141 2340 1334 2372 omnesque
1347 2328 1548 2371 (quattuor)
1562 2328 1727 2360 libroium
1746 2328 1753 2360 Ι

3 2395 7 2403 ·
46 2377 78 2432 ᾗ]
124 2390 161 2419 et
179 2386 209 2419 11
231 2387 340 2429 locos,
362 2398 514 2430 quorum
536 2389 668 2422 indices
688 2389 807 2421 omisit
827 2389 1051 2430 epitomator,
1073 2390 1244 2430 quattuor
1265 2390 1404 2419 tantum
1428 2385 1657 2417 inveniuntur
1674 2385 1755 2424 loci,

126 2440 184 2476 ubi
208 2452 378 2483 numerus
400 2445 481 2478 libri
506 2445 713 2489 neglegitur.
740 2446 898 2485 Quorum
925 2444 1105 2477 nonnullis
1130 2444 1222 2476 iusta
1245 2443 1345 2475 adest
1367 2442 1555 2475 excusatio.

167 2497 214 2539 88)
259 2499 523 2534 chamaeleonti
547 2512 631 2535 sane
656 2503 757 2535 nulla.
779 2507 856 2535 erat
879 2511 1003 2542 causa,
1027 2511 1090 2533 cur
1110 2500 1355 2542 epigrammati
1376 2508 1553 2540 anonymo
1570 2497 1757 2530 Simonidis

2 2550 8 2598 ss
124 2553 276 2589 adiceret
308 2558 576 2598 auctoritatem,
610 2559 702 2601 quod
740 2569 821 2591 eum
855 2558 976 2591 secisse
1011 2561 1112 2599 putat
1146 2556 1378 2589 Wilamowitz
1411 2565 1440 2596 p.
1465 2554 1531 2586 310
1562 2563 1631 2596 sq:
1667 2554 1757 2585 ‘alass

1 2606 7 2656 J
67 2614 94 2659 f.
124 2608 318 2646 Simonides
348 2614 383 2646 in
415 2615 528 2648 dieser
561 2603 829 2657 llberliel'erung
862 2613 922 2655 [sc.
955 2624 1047 2656 quae
1080 2615 1114 2646 in
1146 2613 1376 2646 Plutarchum
1404 2615 1590 2656 propagata
1614 2608 1681 2650 est}
1709 2610 1753 2641 ἰιιι

4 2672 12 2681 “’
72 2658 356 2715 J‘f'ullgemeinen
389 2670 488 2704 nicht
519 2671 577 2704 fiir
608 2671 676 2705 den
710 2671 889 2704 Versasser
921 2671 982 2703 der
1006 2670 1176 2703 Gediclite
1202 2680 1265 2701 aus
1290 2669 1352 2700 ‹lei-
1378 2667 1567 2700 l‘erserzeit
1589 2667 1681 2707 galt,
1714 2666 1757 2697 ist

1 2729 14 2747 ν’
126 2722 267 2767 wichtig
288 2725 544 2769 sestzuhalten,
577 2738 646 2760 nur
669 2728 731 2760 das
755 2727 907 2760 Gediclit
931 2728 992 2759 der
1018 2726 1227 2759 Ilien-odulen
1255 2725 1346 2757 ward
1373 2725 1445 2756 ihm
1471 2723 1645 2765 gegeben,
1680 2722 1754 2754 weil

0 2781 2 2783 ’
77 2799 94 2813 μ
125 2778 160 2814 in
191 2780 304 2815 dieser
333 2782 522 2826 zuteilung
552 2784 780 2817 Chamaileon
814 2784 879 2816 mit
911 2783 1116 2825 gewohnter
1150 2781 1438 2822 Weitlierziglieit
1467 2788 1754 2819 voi-angcgangcn

61 2842 92 2875 ἔ
125 2837 218 2871 W’-
251 2839 349 2878 Quae
381 2850 450 2873 non
481 2841 695 2883 scripsisset,
729 2841 870 2882 opinor,
903 2840 953 2872 vir
985 2840 1045 2880 cl.‚
1078 2839 1105 2870 si
1132 2838 1165 2870 in
1190 2836 1487 2870 commentatione
1511 2845 1573 2867 sua
1598 2835 1756 2876 syllogus

125 2890 344 2928 Simonideue
377 2896 558 2930 habuisset
588 2897 772 2930 rationem.
810 2896 907 2934 Quod
943 2895 1024 2928 huic
1056 2894 1300 2936 epigrammati
1331 2891 1518 2925 Simonidis
1543 2901 1669 2923 nomeu
1694 2890 1754 2921 wl-

57 2940 97 2983 ῘΪ
125 2948 284 2984 iunctum
317 2954 389 2993 est,
420 2953 533 2985 eidem
559 2952 708 2986 debetur
731 2961 875 2992 causae,
909 2954 1047 2993 propter
1070 2960 1177 2992 quam
1203 2952 1318 2981 cetera
1342 2952 1511 2990 quattuor
1534 2947 1754 2980 Corinthium

125 3004 160 3039 in
185 3007 371 3041 traditione
395 3008 418 3041 S
441 3008 524 3041 alibi
549 3007 600 3050 (§§
619 3007 681 3050 34,
705 3006 764 3048 38)
789 3007 934 3040 laudata
955 3006 1191 3040 Simonide-ain
1214 3005 1460 3037 auctoritatem
1481 3007 1640 3035 assecuta
1661 3005 1753 3034 siniit.

2 3076 4 3078 ·
58 3066 87 3108 5,ξὶ
125 3060 174 3095 Ea
194 3062 216 3096 a
237 3061 509 3098 chamaeleonte
534 3075 602 3098 non
627 3065 771 3098 laudata
795 3067 905 3096 erant.
932 3063 1055 3105 ltaque
1077 3061 1286 3094 Chamaeleo
1308 3064 1464 3101 nonest,
1489 3059 1548 3101 qni
1567 3059 1755 3091 Simonidi>

35 3139 40 3147 .
126 3118 268 3153 nomine
294 3130 347 3163 ep.
370 3119 435 3153 137
459 3121 646 3154 ornaverit.
