2072 3568
922 241 995 280 171
1542 241 1567 293 g
1598 243 1769 282 94—96.

67 353 101 414 f
126 366 347 419 glutinata
385 368 487 405 sunt
524 367 727 415 quattuor
764 366 885 415 folia,
926 378 1110 415 quorum
1150 367 1305 417 pagina
1343 368 1394 406 Ar
1424 367 1603 406 indicem
1633 369 1774 417 ipsum

141 431 328 481 exhibet,
367 443 463 481 pag.
493 431 547 471 Cv
573 431 785 481 scriptura
815 433 958 481 vacat,
992 432 1174 482 paginae
1203 443 1277 470 sex
1305 432 1359 470 Av
1388 433 1458 470 ΒΓν
1489 433 1538 472 Cr
1568 434 1639 471 ΒΝ
1668 433 1776 472 serie

67 506 96 542 j,
140 497 493 548 epigrammatum
522 496 572 535 34
601 497 833 546 implentur
861 509 885 535 a
915 497 1054 535 scriba
1079 497 1253 546 reliquis
1277 497 1432 536 codicis
1457 498 1608 536 scribis
1634 510 1774 537 recen-

140 562 245 602 tiore
289 564 461 600 exarata
479 592 489 611 ,
541 573 670 611 quam
717 563 948 611 praeeunte
993 562 1296 601 Stadtmiillero
1342 563 1486 601 notavi
1533 563 1656 613 signo
1697 561 1774 601 Σπ.

61 614 98 665 .⁷
132 627 463 668 concinnatoris
501 627 724 666 eonsilium
761 627 841 666 hoc
878 627 1012 666 fuisse
1042 627 1227 677 videtur,
1269 629 1317 666 ut
1350 628 1627 678 Anthologiae
1656 629 1774 667 Pala—

9 703 11 705 ’
55 719 65 743 4
138 692 252 732 tinae
292 692 465 732 adderet
507 692 659 731 seriem
701 692 1079 742 epigrammatum,
1122 693 1302 742 quaein
1332 705 1380 731 ea
1409 693 1772 741 desiderarentur;

8 750 11 809 J
141 769 238 797 nam
272 769 324 796 ex
353 757 402 796 34
431 754 749 807 epigrammatis
778 758 859 796 tria
887 759 1055 796 tantum
1083 758 1127 796 in
1156 769 1204 797 ea
1234 759 1513 797 inveniuntur
1543 756 1639 808 (Σπ.
1669 759 1692 797 2
1722 775 1774 790 =

139 822 221 862 ΑΡ.
259 823 308 862 Χ.
347 822 442 870 104;
486 820 562 861 Σπ.
599 822 652 861 20
688 839 742 854 =
777 823 860 861 ΑΡ.
899 821 999 862 VII.
1036 822 1132 871 307;
1172 821 1248 862 Σπ.
1279 824 1330 862 33
1358 841 1412 855 =
1439 824 1521 862 ΑΡ.
1550 822 1625 862 VI.
1655 821 1765 872 256).

7 925 11 927 .
141 887 287 928 Cetera
315 888 388 938 31,
421 889 624 937 quattuor
651 889 859 938 exeeptis,
892 900 944 927 ex
972 889 1224 939 Anthologia
1254 889 1471 927 Planudea
1500 889 1627 938 petita
1652 891 1772 936 sunt;

8 943 10 945 ’
138 952 248 992 inter
275 965 386 1003 quae
412 955 476 992 est
504 951 580 992 Σπ.
610 953 662 993 26
690 971 743 986 =
773 953 979 993 Simonid.
1012 953 1114 993 185a
1142 966 1195 992 ex
1224 954 1343 993 Plan.
1368 946 1467 993 IVst.
1497 954 1534 993 3.
1563 954 1601 992 4.

134 1047 138 1050 .
192 1018 310 1057 Inter
346 1020 549 1068 quattuor
585 1019 655 1058 illa
693 1019 1001 1069 epigrammata
1040 1019 1126 1058 duo
1164 1021 1266 1058 sunt
1297 1019 1538 1058 Simonidea
1566 1017 1643 1057 Σπ.
1670 1019 1694 1057 3
1724 1036 1775 1050 =

142 1082 244 1122 Sim.
274 1083 350 1123 186
377 1085 418 1122 et
446 1081 522 1122 Σπ.
551 1084 603 1123 28
631 1101 683 1116 =
714 1084 817 1124 Sim.
848 1084 937 1124 158.
971 1085 1092 1124 Unde
1115 1084 1218 1123 haec
1242 1085 1548 1134 epigrammata
1572 1084 1773 1123 arcessita

138 1148 246 1199 sint,
287 1149 530 1199 ignoratur;
569 1161 635 1199 ep.
674 1149 751 1189 186
789 1161 960 1199 quoque
988 1150 1204 1199 cognitum
1233 1152 1297 1188 est
1325 1161 1377 1188 ex
1409 1150 1578 1200 Sylloge
1607 1150 1773 1198 Euphe-

63 1209 69 1218 ⁷
138 1213 279 1253 miana
310 1212 380 1265 (cf.
412 1213 438 1266 ἓ
471 1213 585 1269 109),
618 1226 683 1264 ep.
715 1215 791 1254 158
819 1218 961 1254 autem
989 1215 1162 1253 omnino
1192 1226 1275 1253 non
1307 1215 1436 1264 redit,
1478 1216 1521 1253 at
1549 1226 1601 1253 ex
1628 1214 1774 1252 eodem

139 1277 254 1318 fonte
290 1291 488 1319 manasse
526 1280 694 1319 videtur
730 1282 859 1329 atque
896 1280 1127 1319 consimilis
1164 1280 1325 1319 exordii
1363 1280 1625 1330 epigramma
1667 1279 1770 1318 Sim.

140 1342 235 1394 127,
266 1344 381 1394 quod
409 1357 433 1384 a
463 1345 664 1384 Michaele
692 1345 922 1395 exemplari
952 1357 1031 1384 suo
1060 1346 1293 1395 ascriptum
1320 1345 1542 1385 Corrector
1565 1345 1608 1382 in
1636 1356 1769 1394 marg.

59 1415 94 1430 ’·
138 1409 357 1459 superiore
393 1410 484 1450 cod.
524 1410 611 1449 Pal.
648 1411 830 1461 paginae
866 1411 944 1449 245
982 1411 1124 1460 posuit
1164 1409 1282 1461 (VII.
1314 1411 1390 1450 254
1424 1411 1475 1459 b,
1517 1410 1569 1449 cf.
1601 1408 1626 1460 ξ
1660 1409 1769 1459 102).

137 1474 359 1514 Nescimus
396 1475 546 1526 igitur,
589 1488 694 1515 num
731 1476 835 1515 haec
871 1488 965 1526 epp.
998 1488 1051 1515 ex
1080 1476 1246 1516 Corona
1276 1477 1510 1526 Meleagrea
1539 1477 1774 1525 propagata

88 1541 94 1545 ”
138 1539 242 1589 sint;
273 1551 375 1591 ergo
398 1540 630 1580 diiudicare
653 1553 739 1580 non
764 1553 1019 1591 possumus,
1052 1541 1264 1591 quomodo
1289 1541 1580 1580 Simonideum
1604 1540 1771 1579 titulum

59 1603 90 1615 “’
138 1605 223 1644 sint
250 1606 415 1656 adepta.

194 1669 220 1722 ἓ
250 1670 314 1710 96.
363 1670 627 1722 Quaeritur,
659 1683 773 1711 rium
797 1673 985 1723 praeter
1013 1671 1231 1723 Sylloyen
1261 1670 1582 1711 Simonideum
1611 1659 1773 1709 Melea.-

63 1726 85 1791 ζ
137 1746 220 1787 yer
246 1734 625 1776 Simonideorum
654 1735 1046 1788 epiyrammatum
1075 1737 1224 1776 fontes
1250 1735 1476 1776 habuerit.
1514 1736 1774 1785 Meleagrum

56 1797 86 1839 ss,
138 1811 191 1840 ex
234 1800 406 1852 Sylloge
450 1801 691 1841 Simonidea
733 1802 1020 1841 Alexandrina
1057 1802 1257 1852 petivisse
1292 1802 1598 1852 epigrammata
1640 1801 1772 1839 Simo·

63 1855 79 1899 Ϊ
139 1865 261 1905 nidea
292 1865 318 1917 ἕ
348 1866 400 1906 38
428 1869 576 1907 contra
601 1868 964 1907 Wilamowitzium
993 1868 1286 1907 demonstrare
1313 1869 1491 1907 conatus
1521 1879 1630 1905 sum.
1665 1866 1773 1905 Fieri

138 1932 279 1971 autem
321 1933 480 1982 potest,
525 1934 573 1971 ut
614 1944 666 1971 ex
709 1933 801 1972 aliis
844 1945 1016 1983 quoque
1052 1933 1242 1972 fontibus
1280 1933 1492 1982 Meleagro
1533 1931 1774 1971 Simonidea

138 1998 307 2050 praesto
343 1997 524 2048 fuerint,
565 1998 815 2048 praesertim
854 2010 951 2038 cum
989 1999 1273 2038 demonstrari
1312 1997 1445 2048 possit
1480 2009 1577 2036 eum
1608 1998 1774 2046 praeter

137 2060 340 2101 editiones
377 2064 620 2113 poetarum,
662 2075 772 2113 quos
810 2064 892 2103 ΑΡ.
930 2062 1007 2104 1v.
1047 2064 1111 2114 1,1
1152 2075 1246 2113 sqq.
1285 2063 1551 2102 enumeravit
1580 2073 1774 2111 quosque

121 2119 358 2167 ⁴nominare
398 2128 638 2178 supersedit
681 2127 754 2179 (ib.
799 2130 870 2168 55:
914 2126 1060 2168 ἄλλων»
1096 2128 1129 2167 τ’
1169 2128 1289 2179 ἔρνεα
1333 2125 1466 2167 πολλὰ
1509 2125 1769 2178 νεόγραφα),

138 2201 265 2230 usum
293 2204 388 2232 esse
414 2194 650 2244 periegetae
678 2194 901 2233 cuiusdam
929 2194 1254 2243 inscriptionum
1283 2193 1535 2233 collectione.
1581 2192 1773 2230 Vidimus

137 2256 249 2296 enim
289 2256 336 2309 (ξ
358 2257 444 2308 ,65)
484 2258 742 2298 Pausaniam
777 2259 860 2298 iam
890 2259 934 2297 in
965 2259 1131 2299 Corona
1159 2259 1375 2297 invenisse
1403 2258 1663 2308 epigramma
1694 2257 1773 2306 Cy-

78 2355 83 2357 .
138 2320 280 2361 niscae
298 2323 444 2362 eodem
457 2354 467 2374 ,
492 2335 578 2373 quo
597 2324 854 2363 instructum
875 2325 1036 2363 extaret
1057 2324 1139 2362 ΑΡ.
1159 2322 1283 2362 ΧΙΙΙ.
1303 2323 1371 2373 16,
1401 2323 1520 2362 titulo
1540 2320 1774 2361 ἀδέσποτον

62 2387 70 2415 5
137 2389 349 2426 ornatum.
391 2388 513 2428 Unde
541 2389 760 2438 probabile
788 2389 837 2427 fit
867 2389 1128 2439 Meleagrum
1157 2388 1241 2427 iam
1270 2389 1348 2428 hoc
1377 2388 1638 2438 epigramma
1669 2386 1772 2425 nulli

54 2446 83 2491 -ῗῖ
137 2453 284 2501 poetae
318 2453 527 2492 tributum
564 2454 803 2503 invenisse,
845 2442 1003 2504 quippe
1040 2453 1154 2503 quod
1192 2453 1235 2492 in
1274 2454 1365 2492 eius
1404 2454 1520 2492 fonte
1556 2464 1608 2491 ex
1635 2452 1774 2501 lapide

137 2514 252 2566 ipso,
283 2517 326 2556 in
355 2528 442 2567 quo
470 2518 625 2558 scilicet
656 2519 843 2558 auctoris
871 2519 1008 2558 indice
1037 2518 1228 2569 carebat,
1262 2519 1521 2568 descriptum
1546 2518 1768 2567 legeretur.

2 2593 6 2596 ·
139 2579 412 2632 Epigramma
454 2583 583 2633 lapidi
626 2584 872 2623 mandatum
917 2584 1051 2623 fuisse
1093 2585 1255 2623 certum
1296 2586 1381 2633 est,
1430 2594 1528 2622 nam
1566 2583 1771 2621 effossum

65 2651 108 2696 ξζῑ,
137 2647 202 2686 eet
250 2646 471 2698 Olympiae
520 2660 633 2688 anno
687 2649 789 2689 1879
839 2648 1096 2700 (Hoffmann
1148 2649 1251 2699 Syll.
1299 2647 1410 2699 381).
1471 2648 1680 2694 Quoniam
1729 2647 1771 2685 in

138 2709 406 2762 singulorum
462 2715 682 2763 poetarum
740 2715 916 2765 syllogis
972 2715 1278 2765 epigrammata
1335 2714 1536 2764 adespota
1592 2713 1772 2751 inveniri

60 2777 87 2827 T}
139 2786 224 2815 non
266 2778 518 2828 potuerunt,
564 2790 737 2818 necesse
777 2781 841 2818 est
883 2779 1143 2830 Meleagrum
1186 2779 1433 2818 adhibuisse
1474 2781 1640 2828 praeter
1681 2778 1772 2816 illas

138 2839 344 2880 eiusmodi
399 2840 758 2894 inscriptionum
812 2844 1124 2894 collectionem,
1185 2845 1332 2894 quales
1383 2844 1583 2883 extabant
1637 2843 1772 2880 Philo—

64 2915 86 2959 23
139 2904 255 2944 chori
305 2906 544 2947 Polemonis
591 2908 771 2948 aliorum
820 2908 1129 2959 periegetarum
1158 2908 1242 2959 142).
1303 2909 1421 2954 Quae
1467 2909 1771 2958 epigrammata

182 3051 246 3094 142)
291 3054 378 3088 Rem
413 3056 484 3089 iam
519 3058 685 3099 suspicati
720 3061 806 3090 sunt
839 3057 962 3090 Jacobs
996 3056 1140 3099 (proleg.
1177 3069 1206 3099 p.
1244 3058 1384 3090 XXXV:
1420 3056 1470 3089 ‘ex
1498 3058 1551 3089 liis
1578 3058 1773 3089 l’oleinonis

138 3109 300 3151 operibus
334 3135 342 3144 .
367 3135 375 3144 .
400 3137 407 3144 .
434 3137 441 3144 .
476 3113 700 3156 aliorumque
733 3114 909 3147 similibus
943 3114 1232 3155 antiquissimum
1270 3113 1501 3155 Antliologiac
1536 3114 1772 3154 conditorem,
