<?xml version="1.0" encoding="UTF-8"?>
<!DOCTYPE html PUBLIC "-//W3C//DTD XHTML 1.0 Transitional//EN"
    "http://www.w3.org/TR/xhtml1/DTD/xhtml1-transitional.dtd">
<html xmlns="http://www.w3.org/1999/xhtml" xml:lang="en" lang="en">
 <head>
  <title>
</title>
<meta http-equiv="Content-Type" content="text/html;charset=utf-8" />
  <meta name='ocr-system' content='tesseract 3.04.00' />
  <meta name='ocr-capabilities' content='ocr_page ocr_carea ocr_par ocr_line ocrx_word'/>
</head>
<body>
  <div class='ocr_page' id='page_1' title='image "./deepigrammatasim00boasuoft_0046.png"; bbox 0 0 2072 3568; ppageno 0'>
   <div class='ocr_carea' id='block_1_1' title="bbox 2005 0 2072 128">
    <p class='ocr_par' dir='ltr' id='par_1_1' title="bbox 2005 0 2072 128">
     <span class='ocr_line' id='line_1_1' title="bbox 2005 0 2072 128; baseline 0 3440"><span class='ocrx_word' id='word_1_1' title='bbox 2005 0 2072 128; x_wconf 95' lang='lat' dir='ltr'><strong> </strong></span> 
     </span>
    </p>
   </div>
   <div class='ocr_carea' id='block_1_2' title="bbox 363 232 1200 285">
    <p class='ocr_par' dir='ltr' id='par_1_2' title="bbox 363 232 1200 285">
     <span class='ocr_line' id='line_1_2' title="bbox 363 232 1200 285; baseline 0.001 -14"><span class='ocrx_word' id='word_1_2' title='bbox 363 236 463 285; x_wconf 62' lang='lat' dir='ltr'><strong>Dap.</strong></span> <span class='ocrx_word' id='word_1_3' title='bbox 501 234 530 273; x_wconf 88' lang='lat'><strong>1.</strong></span> <span class='ocrx_word' id='word_1_4' title='bbox 1150 232 1200 272; x_wconf 72' lang='lat'><strong>24</strong></span> 
     </span>
    </p>
   </div>
   <div class='ocr_carea' id='block_1_3' title="bbox 361 355 2053 735">
    <p class='ocr_par' dir='ltr' id='par_1_3' title="bbox 361 355 2054 670">
     <span class='ocr_line' id='line_1_3' title="bbox 363 355 2003 409; baseline 0 -11"><span class='ocrx_word' id='word_1_5' title='bbox 363 360 526 399; x_wconf 83' lang='lat' dir='ltr'><strong>meiiam</strong></span> <span class='ocrx_word' id='word_1_6' title='bbox 559 360 599 398; x_wconf 90' lang='lat' dir='ltr'><strong>in</strong></span> <span class='ocrx_word' id='word_1_7' title='bbox 629 359 843 398; x_wconf 89' lang='lat' dir='ltr'><strong>communi</strong></span> <span class='ocrx_word' id='word_1_8' title='bbox 874 358 1070 409; x_wconf 84' lang='lat' dir='ltr'><strong>sepulcro</strong></span> <span class='ocrx_word' id='word_1_9' title='bbox 1097 358 1302 406; x_wconf 81' lang='lat' dir='ltr'><strong>excitare,</strong></span> <span class='ocrx_word' id='word_1_10' title='bbox 1337 368 1475 407; x_wconf 82' lang='lat' dir='ltr'><strong>neque</strong></span> <span class='ocrx_word' id='word_1_11' title='bbox 1493 357 1576 395; x_wconf 88' lang='lat' dir='ltr'><strong>iam</strong></span> <span class='ocrx_word' id='word_1_12' title='bbox 1598 358 1794 407; x_wconf 85' lang='lat' dir='ltr'><strong>poterant</strong></span> <span class='ocrx_word' id='word_1_13' title='bbox 1806 355 2003 409; x_wconf 62' lang='lat' dir='ltr'><strong>Amphio·</strong></span> 
     </span>
     <span class='ocr_line' id='line_1_4' title="bbox 363 420 2002 476; baseline -0.001 -11"><span class='ocrx_word' id='word_1_14' title='bbox 363 429 511 476; x_wconf 80' lang='lat' dir='ltr'><strong>tyoncs</strong></span> <span class='ocrx_word' id='word_1_15' title='bbox 550 425 834 464; x_wconf 75' lang='lat' dir='ltr'>Locrensibus</span> <span class='ocrx_word' id='word_1_16' title='bbox 872 428 945 463; x_wconf 90' lang='lat' dir='ltr'><strong>aut</strong></span> <span class='ocrx_word' id='word_1_17' title='bbox 987 423 1278 463; x_wconf 81' lang='lat' dir='ltr'><strong>Phocensibus</strong></span> <span class='ocrx_word' id='word_1_18' title='bbox 1315 434 1411 461; x_wconf 77' lang='lat' dir='ltr'><strong>eum</strong></span> <span class='ocrx_word' id='word_1_19' title='bbox 1453 422 1655 461; x_wconf 87' lang='lat' dir='ltr'><strong>honorem</strong></span> <span class='ocrx_word' id='word_1_20' title='bbox 1686 420 1890 463; x_wconf 74' lang='lat' dir='ltr'><strong>invidere.</strong></span> <span class='ocrx_word' id='word_1_21' title='bbox 1936 421 2002 463; x_wconf 67' lang='lat' dir='ltr'><strong>Iu</strong></span> 
     </span>
     <span class='ocr_line' id='line_1_5' title="bbox 362 481 2053 543; baseline -0.001 -14"><span class='ocrx_word' id='word_1_22' title='bbox 362 491 471 529; x_wconf 84' lang='lat' dir='ltr'><strong>iuste</strong></span> <span class='ocrx_word' id='word_1_23' title='bbox 508 489 749 540; x_wconf 87' lang='lat' dir='ltr'><strong>petentibus</strong></span> <span class='ocrx_word' id='word_1_24' title='bbox 787 489 893 529; x_wconf 80' lang='lat' dir='ltr'><strong>satis</strong></span> <span class='ocrx_word' id='word_1_25' title='bbox 927 489 1108 538; x_wconf 78' lang='lat' dir='ltr'><strong>iactum,</strong></span> <span class='ocrx_word' id='word_1_26' title='bbox 1152 499 1237 527; x_wconf 90' lang='lat' dir='ltr'><strong>non</strong></span> <span class='ocrx_word' id='word_1_27' title='bbox 1269 488 1443 527; x_wconf 76' lang='lat' dir='ltr'>vanitati</span> <span class='ocrx_word' id='word_1_28' title='bbox 1474 491 1547 526; x_wconf 89' lang='lat' dir='ltr'><strong>aut</strong></span> <span class='ocrx_word' id='word_1_29' title='bbox 1575 481 1848 538; x_wconf 65' lang='lat' dir='ltr'><strong>arrogantiae</strong></span> <span class='ocrx_word' id='word_1_30' title='bbox 1872 487 2002 528; x_wconf 74' lang='lat' dir='ltr'><strong>ono·</strong></span> <span class='ocrx_word' id='word_1_31' title='bbox 2046 525 2053 543; x_wconf 71' lang='lat'><em>÷</em></span> 
     </span>
     <span class='ocr_line' id='line_1_6' title="bbox 361 551 2003 606; baseline -0.004 -11"><span class='ocrx_word' id='word_1_32' title='bbox 361 568 507 595; x_wconf 87' lang='lat' dir='ltr'><strong>carum</strong></span> <span class='ocrx_word' id='word_1_33' title='bbox 550 555 739 606; x_wconf 82' lang='lat' dir='ltr'><strong>gentium</strong></span> <span class='ocrx_word' id='word_1_34' title='bbox 782 554 1135 605; x_wconf 80' lang='lat' dir='ltr'><strong>obtemperatum.</strong></span> <span class='ocrx_word' id='word_1_35' title='bbox 1194 553 1276 593; x_wconf 85' lang='lat' dir='ltr'><strong>Sed</strong></span> <span class='ocrx_word' id='word_1_36' title='bbox 1308 553 1554 593; x_wconf 84' lang='lat' dir='ltr'><strong>Herodotus</strong></span> <span class='ocrx_word' id='word_1_37' title='bbox 1583 552 1687 592; x_wconf 81' lang='lat' dir='ltr'><strong>haee</strong></span> <span class='ocrx_word' id='word_1_38' title='bbox 1713 551 2003 596; x_wconf 67' lang='lat' dir='ltr'><strong>additamenta</strong></span> 
     </span>
     <span class='ocr_line' id='line_1_7' title="bbox 363 609 2050 670; baseline -0.002 -10"><span class='ocrx_word' id='word_1_39' title='bbox 363 633 446 660; x_wconf 89' lang='lat' dir='ltr'><strong>non</strong></span> <span class='ocrx_word' id='word_1_40' title='bbox 477 619 747 670; x_wconf 51' lang='lat' dir='ltr'><strong>nutantum)</strong></span> <span class='ocrx_word' id='word_1_41' title='bbox 1971 609 1974 613; x_wconf 39' lang='lat'>⁸</span> <span class='ocrx_word' id='word_1_42' title='bbox 2040 628 2050 636; x_wconf 54' lang='lat'><strong><em>¹</em></strong></span> 
     </span>
    </p>

    <p class='ocr_par' dir='ltr' id='par_1_4' title="bbox 415 681 2004 735">
     <span class='ocr_line' id='line_1_8' title="bbox 415 681 2004 735; baseline -0.001 -10"><span class='ocrx_word' id='word_1_43' title='bbox 415 687 534 732; x_wconf 82' lang='lat' dir='ltr'><strong>Quae</strong></span> <span class='ocrx_word' id='word_1_44' title='bbox 574 688 809 725; x_wconf 85' lang='lat' dir='ltr'><strong>commenta</strong></span> <span class='ocrx_word' id='word_1_45' title='bbox 853 685 978 735; x_wconf 85' lang='lat' dir='ltr'><strong>plane</strong></span> <span class='ocrx_word' id='word_1_46' title='bbox 1016 685 1168 724; x_wconf 73' lang='lat' dir='ltr'><strong>ficticia</strong></span> <span class='ocrx_word' id='word_1_47' title='bbox 1206 706 1259 713; x_wconf 91' lang='lat'><em>-</em></span> <span class='ocrx_word' id='word_1_48' title='bbox 1297 684 1352 724; x_wconf 88' lang='lat' dir='ltr'><strong>sit</strong></span> <span class='ocrx_word' id='word_1_49' title='bbox 1391 683 1514 723; x_wconf 87' lang='lat' dir='ltr'><strong>venia</strong></span> <span class='ocrx_word' id='word_1_50' title='bbox 1554 682 1686 722; x_wconf 86' lang='lat' dir='ltr'><strong>verbo</strong></span> <span class='ocrx_word' id='word_1_51' title='bbox 1721 704 1772 711; x_wconf 86' lang='lat'>—</span> <span class='ocrx_word' id='word_1_52' title='bbox 1808 681 2004 724; x_wconf 73' lang='lat' dir='ltr'><strong>comalio</strong></span> 
     </span>
    </p>
   </div>
   <div class='ocr_carea' id='block_1_4' title="bbox 362 749 2068 802">
    <p class='ocr_par' dir='ltr' id='par_1_5' title="bbox 362 749 2068 802">
     <span class='ocr_line' id='line_1_9' title="bbox 362 749 2068 802; baseline -0.002 -11"><span class='ocrx_word' id='word_1_53' title='bbox 362 752 554 802; x_wconf 82' lang='lat' dir='ltr'><strong>laudavi,</strong></span> <span class='ocrx_word' id='word_1_54' title='bbox 602 754 648 791; x_wconf 91' lang='lat' dir='ltr'><strong>ut</strong></span> <span class='ocrx_word' id='word_1_55' title='bbox 690 752 866 790; x_wconf 88' lang='lat' dir='ltr'><strong>lectores</strong></span> <span class='ocrx_word' id='word_1_56' title='bbox 909 750 1102 789; x_wconf 87' lang='lat' dir='ltr'><strong>viderent</strong></span> <span class='ocrx_word' id='word_1_57' title='bbox 1142 749 1372 800; x_wconf 83' lang='lat' dir='ltr'><strong>Bergkium</strong></span> <span class='ocrx_word' id='word_1_58' title='bbox 1411 749 1603 799; x_wconf 86' lang='lat' dir='ltr'><strong>quinque</strong></span> <span class='ocrx_word' id='word_1_59' title='bbox 1638 749 1787 799; x_wconf 78' lang='lat' dir='ltr'><strong>cippos</strong></span> <span class='ocrx_word' id='word_1_60' title='bbox 1822 758 2004 799; x_wconf 64' lang='lat' dir='ltr'><strong>pronun</strong></span> <span class='ocrx_word' id='word_1_61' title='bbox 2028 776 2034 781; x_wconf 70' lang='lat'><em>„</em></span> <span class='ocrx_word' id='word_1_62' title='bbox 2058 766 2068 782; x_wconf 58' lang='grc' dir='ltr'><strong>τ</strong></span> 
     </span>
    </p>
   </div>
   <div class='ocr_carea' id='block_1_5' title="bbox 361 813 2006 1716">
    <p class='ocr_par' dir='ltr' id='par_1_6' title="bbox 361 813 2006 1716">
     <span class='ocr_line' id='line_1_10' title="bbox 361 813 2004 867; baseline -0.001 -11"><span class='ocrx_word' id='word_1_63' title='bbox 361 818 455 856; x_wconf 87' lang='lat' dir='ltr'><strong>aliis</strong></span> <span class='ocrx_word' id='word_1_64' title='bbox 494 817 696 856; x_wconf 82' lang='lat' dir='ltr'><strong>tribuisse</strong></span> <span class='ocrx_word' id='word_1_65' title='bbox 731 815 954 867; x_wconf 81' lang='lat' dir='ltr'><strong>gentibus,</strong></span> <span class='ocrx_word' id='word_1_66' title='bbox 995 826 1124 865; x_wconf 88' lang='lat' dir='ltr'><strong>quam</strong></span> <span class='ocrx_word' id='word_1_67' title='bbox 1155 815 1315 865; x_wconf 85' lang='lat' dir='ltr'><strong>quibus</strong></span> <span class='ocrx_word' id='word_1_68' title='bbox 1343 815 1579 854; x_wconf 85' lang='lat' dir='ltr'><strong>destinatos</strong></span> <span class='ocrx_word' id='word_1_69' title='bbox 1606 825 1680 854; x_wconf 82' lang='lat' dir='ltr'><strong>eos</strong></span> <span class='ocrx_word' id='word_1_70' title='bbox 1708 813 1844 854; x_wconf 74' lang='lat' dir='ltr'><strong>ruisse</strong></span> <span class='ocrx_word' id='word_1_71' title='bbox 1869 822 2004 865; x_wconf 69' lang='lat' dir='ltr'><strong>supra</strong></span> 
     </span>
     <span class='ocr_line' id='line_1_11' title="bbox 361 878 2004 932; baseline -0.002 -10"><span class='ocrx_word' id='word_1_72' title='bbox 361 882 572 932; x_wconf 87' lang='lat' dir='ltr'><strong>apparuit.</strong></span> <span class='ocrx_word' id='word_1_73' title='bbox 619 883 725 922; x_wconf 90' lang='lat' dir='ltr'><strong>Cum</strong></span> <span class='ocrx_word' id='word_1_74' title='bbox 769 881 881 920; x_wconf 87' lang='lat' dir='ltr'><strong>enim</strong></span> <span class='ocrx_word' id='word_1_75' title='bbox 925 892 1009 920; x_wconf 89' lang='lat' dir='ltr'><strong>non</strong></span> <span class='ocrx_word' id='word_1_76' title='bbox 1048 880 1284 930; x_wconf 81' lang='lat' dir='ltr'><strong>dubitaret,</strong></span> <span class='ocrx_word' id='word_1_77' title='bbox 1331 880 1435 930; x_wconf 91' lang='lat' dir='ltr'><strong>quin</strong></span> <span class='ocrx_word' id='word_1_78' title='bbox 1476 880 1568 919; x_wconf 89' lang='lat' dir='ltr'><strong>iure</strong></span> <span class='ocrx_word' id='word_1_79' title='bbox 1607 878 2004 931; x_wconf 62' lang='lat' dir='ltr'><strong>Locrensium&#39;epi·</strong></span> 
     </span>
     <span class='ocr_line' id='line_1_12' title="bbox 362 943 2002 997; baseline -0.001 -11"><span class='ocrx_word' id='word_1_80' title='bbox 362 959 553 997; x_wconf 76' lang='lat' dir='ltr'><strong>gramma</strong></span> <span class='ocrx_word' id='word_1_81' title='bbox 575 958 597 986; x_wconf 89' lang='lat' dir='ltr'><strong>a</strong></span> <span class='ocrx_word' id='word_1_82' title='bbox 622 947 833 987; x_wconf 82' lang='lat' dir='ltr'><strong>Strabone</strong></span> <span class='ocrx_word' id='word_1_83' title='bbox 851 947 962 985; x_wconf 91' lang='lat' dir='ltr'><strong>inter</strong></span> <span class='ocrx_word' id='word_1_84' title='bbox 981 946 1173 996; x_wconf 90' lang='lat' dir='ltr'><strong>quinque</strong></span> <span class='ocrx_word' id='word_1_85' title='bbox 1191 945 1405 996; x_wconf 86' lang='lat' dir='ltr'><strong>epitaphia</strong></span> <span class='ocrx_word' id='word_1_86' title='bbox 1423 943 1803 996; x_wconf 74' lang='lat' dir='ltr'><strong>Thermopyiensia</strong></span> <span class='ocrx_word' id='word_1_87' title='bbox 1822 944 2002 985; x_wconf 71' lang='lat' dir='ltr'><strong>relatum</strong></span> 
     </span>
     <span class='ocr_line' id='line_1_13' title="bbox 361 1007 2001 1063; baseline 0.001 -13"><span class='ocrx_word' id='word_1_88' title='bbox 361 1015 494 1062; x_wconf 84' lang='lat' dir='ltr'><strong>esset,</strong></span> <span class='ocrx_word' id='word_1_89' title='bbox 528 1012 814 1052; x_wconf 88' lang='lat' dir='ltr'><strong>necessarium</strong></span> <span class='ocrx_word' id='word_1_90' title='bbox 837 1012 873 1051; x_wconf 89' lang='lat' dir='ltr'><strong>ei</strong></span> <span class='ocrx_word' id='word_1_91' title='bbox 897 1011 977 1051; x_wconf 74' lang='lat' dir='ltr'><strong>tuit</strong></span> <span class='ocrx_word' id='word_1_92' title='bbox 998 1011 1117 1051; x_wconf 84' lang='lat' dir='ltr'><strong>alteri</strong></span> <span class='ocrx_word' id='word_1_93' title='bbox 1141 1022 1314 1062; x_wconf 89' lang='lat' dir='ltr'><strong>quoque</strong></span> <span class='ocrx_word' id='word_1_94' title='bbox 1333 1011 1448 1062; x_wconf 82' lang='lat' dir='ltr'><strong>genti</strong></span> <span class='ocrx_word' id='word_1_95' title='bbox 1470 1009 1681 1063; x_wconf 78' lang='grc' dir='ltr'><strong>ἐπικλήτῳ</strong></span> <span class='ocrx_word' id='word_1_96' title='bbox 1704 1010 1826 1062; x_wconf 84' lang='lat' dir='ltr'><strong>(Her.</strong></span> <span class='ocrx_word' id='word_1_97' title='bbox 1846 1009 1886 1050; x_wconf 80' lang='lat'><strong>7.</strong></span> <span class='ocrx_word' id='word_1_98' title='bbox 1903 1007 2001 1061; x_wconf 67' lang='lat'><strong>2⁰8)</strong></span> 
     </span>
     <span class='ocr_line' id='line_1_14' title="bbox 363 1075 2004 1128; baseline -0.001 -12"><span class='ocrx_word' id='word_1_99' title='bbox 363 1090 514 1128; x_wconf 81' lang='lat' dir='ltr'><strong>nempe</strong></span> <span class='ocrx_word' id='word_1_100' title='bbox 556 1077 761 1117; x_wconf 86' lang='lat' dir='ltr'><strong>Phocensi</strong></span> <span class='ocrx_word' id='word_1_101' title='bbox 804 1077 975 1128; x_wconf 82' lang='lat' dir='ltr'><strong>cippum</strong></span> <span class='ocrx_word' id='word_1_102' title='bbox 1019 1088 1155 1116; x_wconf 88' lang='lat' dir='ltr'><strong>unum</strong></span> <span class='ocrx_word' id='word_1_103' title='bbox 1198 1075 1455 1116; x_wconf 85' lang='lat' dir='ltr'><strong>adiudicare.</strong></span> <span class='ocrx_word' id='word_1_104' title='bbox 1512 1076 1606 1116; x_wconf 87' lang='lat' dir='ltr'><strong>Non</strong></span> <span class='ocrx_word' id='word_1_105' title='bbox 1648 1075 1821 1127; x_wconf 76' lang='lat' dir='ltr'><strong>negavit</strong></span> <span class='ocrx_word' id='word_1_106' title='bbox 1859 1076 2004 1116; x_wconf 80' lang='lat' dir='ltr'><strong>autem</strong></span> 
     </span>
     <span class='ocr_line' id='line_1_15' title="bbox 362 1140 2004 1193; baseline -0.001 -11"><span class='ocrx_word' id='word_1_107' title='bbox 362 1144 645 1193; x_wconf 85' lang='lat' dir='ltr'><strong>Thespienses</strong></span> <span class='ocrx_word' id='word_1_108' title='bbox 686 1155 858 1193; x_wconf 82' lang='lat' dir='ltr'><strong>quoque</strong></span> <span class='ocrx_word' id='word_1_109' title='bbox 900 1154 1028 1182; x_wconf 85' lang='lat' dir='ltr'><strong>suum</strong></span> <span class='ocrx_word' id='word_1_110' title='bbox 1072 1143 1335 1193; x_wconf 81' lang='lat' dir='ltr'><strong>epigramma</strong></span> <span class='ocrx_word' id='word_1_111' title='bbox 1378 1142 1582 1181; x_wconf 78' lang='lat' dir='ltr'><strong>habuisse</strong></span> <span class='ocrx_word' id='word_1_112' title='bbox 1607 1140 1677 1191; x_wconf 64' lang='grc'><strong>311).</strong></span> <span class='ocrx_word' id='word_1_113' title='bbox 1722 1140 1876 1191; x_wconf 77' lang='lat' dir='ltr'><strong>Itaque</strong></span> <span class='ocrx_word' id='word_1_114' title='bbox 1914 1150 2004 1181; x_wconf 79' lang='lat' dir='ltr'><strong>non</strong></span> 
     </span>
     <span class='ocr_line' id='line_1_16' title="bbox 362 1204 2004 1259; baseline -0.001 -11"><span class='ocrx_word' id='word_1_115' title='bbox 362 1211 573 1259; x_wconf 85' lang='lat' dir='ltr'><strong>quinque,</strong></span> <span class='ocrx_word' id='word_1_116' title='bbox 615 1209 689 1248; x_wconf 87' lang='lat' dir='ltr'><strong>sed</strong></span> <span class='ocrx_word' id='word_1_117' title='bbox 719 1220 793 1248; x_wconf 84' lang='lat' dir='ltr'><strong>sex</strong></span> <span class='ocrx_word' id='word_1_118' title='bbox 825 1208 1089 1259; x_wconf 86' lang='lat' dir='ltr'><strong>recuperavit</strong></span> <span class='ocrx_word' id='word_1_119' title='bbox 1118 1208 1445 1258; x_wconf 87' lang='lat' dir='ltr'><strong>epigrammata;</strong></span> <span class='ocrx_word' id='word_1_120' title='bbox 1476 1218 1562 1259; x_wconf 86' lang='lat' dir='ltr'><strong>qua</strong></span> <span class='ocrx_word' id='word_1_121' title='bbox 1590 1206 1644 1246; x_wconf 87' lang='lat' dir='ltr'><strong>de</strong></span> <span class='ocrx_word' id='word_1_122' title='bbox 1672 1217 1720 1246; x_wconf 88' lang='lat' dir='ltr'><strong>re</strong></span> <span class='ocrx_word' id='word_1_123' title='bbox 1747 1204 2004 1246; x_wconf 63' lang='lat' dir='ltr'><strong>Strabonem</strong></span> 
     </span>
     <span class='ocr_line' id='line_1_17' title="bbox 363 1270 2006 1324; baseline -0.001 -11"><span class='ocrx_word' id='word_1_124' title='bbox 363 1275 580 1324; x_wconf 84' lang='lat' dir='ltr'><strong>Megistiae</strong></span> <span class='ocrx_word' id='word_1_125' title='bbox 605 1274 867 1314; x_wconf 86' lang='lat' dir='ltr'><strong>monumenti</strong></span> <span class='ocrx_word' id='word_1_126' title='bbox 893 1274 1099 1313; x_wconf 88' lang='lat' dir='ltr'><strong>rationem</strong></span> <span class='ocrx_word' id='word_1_127' title='bbox 1126 1285 1210 1312; x_wconf 91' lang='lat' dir='ltr'><strong>non</strong></span> <span class='ocrx_word' id='word_1_128' title='bbox 1236 1272 1440 1312; x_wconf 84' lang='lat' dir='ltr'><strong>habuisse</strong></span> <span class='ocrx_word' id='word_1_129' title='bbox 1459 1271 1657 1322; x_wconf 77' lang='lat' dir='ltr'><strong>sumpsit.</strong></span> <span class='ocrx_word' id='word_1_130' title='bbox 1690 1292 1742 1300; x_wconf 93' lang='lat'><strong>—</strong></span> <span class='ocrx_word' id='word_1_131' title='bbox 1770 1270 2006 1311; x_wconf 64' lang='lat' dir='ltr'><strong>[nereum</strong></span> 
     </span>
     <span class='ocr_line' id='line_1_18' title="bbox 364 1334 2004 1386; baseline -0.001 -8"><span class='ocrx_word' id='word_1_132' title='bbox 364 1340 564 1378; x_wconf 84' lang='lat' dir='ltr'><strong>nimirum</strong></span> <span class='ocrx_word' id='word_1_133' title='bbox 593 1341 633 1378; x_wconf 87' lang='lat' dir='ltr'><strong>et</strong></span> <span class='ocrx_word' id='word_1_134' title='bbox 664 1340 905 1379; x_wconf 83' lang='lat' dir='ltr'><strong>Phocenses</strong></span> <span class='ocrx_word' id='word_1_135' title='bbox 935 1339 1052 1378; x_wconf 86' lang='lat' dir='ltr'><strong>nulio</strong></span> <span class='ocrx_word' id='word_1_136' title='bbox 1081 1341 1203 1378; x_wconf 90' lang='lat' dir='ltr'><strong>erant</strong></span> <span class='ocrx_word' id='word_1_137' title='bbox 1233 1338 1355 1377; x_wconf 87' lang='lat' dir='ltr'><strong>titulo</strong></span> <span class='ocrx_word' id='word_1_138' title='bbox 1384 1337 1605 1386; x_wconf 80' lang='lat' dir='ltr'><strong>celebrati,</strong></span> <span class='ocrx_word' id='word_1_139' title='bbox 1646 1348 1744 1376; x_wconf 87' lang='lat' dir='ltr'><strong>cum</strong></span> <span class='ocrx_word' id='word_1_140' title='bbox 1771 1338 1814 1376; x_wconf 84' lang='lat' dir='ltr'><strong>et</strong></span> <span class='ocrx_word' id='word_1_141' title='bbox 1840 1334 2004 1376; x_wconf 70' lang='lat' dir='ltr'><strong>evocati</strong></span> 
     </span>
     <span class='ocr_line' id='line_1_19' title="bbox 365 1400 2006 1454; baseline -0.001 -11"><span class='ocrx_word' id='word_1_142' title='bbox 365 1405 590 1444; x_wconf 81' lang='lat' dir='ltr'><strong>Leonidam</strong></span> <span class='ocrx_word' id='word_1_143' title='bbox 614 1405 746 1444; x_wconf 86' lang='lat' dir='ltr'><strong>secuti</strong></span> <span class='ocrx_word' id='word_1_144' title='bbox 767 1407 910 1444; x_wconf 87' lang='lat' dir='ltr'><strong>essent</strong></span> <span class='ocrx_word' id='word_1_145' title='bbox 934 1416 1071 1454; x_wconf 89' lang='lat' dir='ltr'><strong>neque</strong></span> <span class='ocrx_word' id='word_1_146' title='bbox 1092 1406 1308 1454; x_wconf 87' lang='lat' dir='ltr'><strong>praeterea</strong></span> <span class='ocrx_word' id='word_1_147' title='bbox 1330 1403 1561 1453; x_wconf 85' lang='lat' dir='ltr'><strong>quicquam</strong></span> <span class='ocrx_word' id='word_1_148' title='bbox 1583 1402 1860 1453; x_wconf 73' lang='lat' dir='ltr'><strong>perfecissent</strong></span> <span class='ocrx_word' id='word_1_149' title='bbox 1877 1400 2006 1442; x_wconf 64' lang='lat' dir='ltr'><strong>lande</strong></span> 
     </span>
     <span class='ocr_line' id='line_1_20' title="bbox 362 1466 2001 1521; baseline 0.001 -13"><span class='ocrx_word' id='word_1_150' title='bbox 362 1470 553 1521; x_wconf 90' lang='lat' dir='ltr'><strong>dignum.</strong></span> <span class='ocrx_word' id='word_1_151' title='bbox 589 1471 724 1510; x_wconf 91' lang='lat' dir='ltr'><strong>Immo</strong></span> <span class='ocrx_word' id='word_1_152' title='bbox 754 1470 994 1510; x_wconf 81' lang='lat' dir='ltr'><strong>Phocenses</strong></span> <span class='ocrx_word' id='word_1_153' title='bbox 1008 1468 1086 1520; x_wconf 84' lang='grc'>35),</span> <span class='ocrx_word' id='word_1_154' title='bbox 1118 1469 1278 1519; x_wconf 90' lang='lat' dir='ltr'><strong>quibus</strong></span> <span class='ocrx_word' id='word_1_155' title='bbox 1306 1468 1446 1517; x_wconf 86' lang='lat' dir='ltr'><strong>callis,</strong></span> <span class='ocrx_word' id='word_1_156' title='bbox 1479 1467 1554 1518; x_wconf 90' lang='lat' dir='ltr'><strong>qui</strong></span> <span class='ocrx_word' id='word_1_157' title='bbox 1582 1478 1658 1518; x_wconf 90' lang='lat' dir='ltr'><strong>per</strong></span> <span class='ocrx_word' id='word_1_158' title='bbox 1687 1469 1874 1508; x_wconf 78' lang='lat' dir='ltr'><strong>montem</strong></span> <span class='ocrx_word' id='word_1_159' title='bbox 1895 1466 2001 1518; x_wconf 72' lang='lat' dir='ltr'><strong>tert,</strong></span> 
     </span>
     <span class='ocr_line' id='line_1_21' title="bbox 363 1533 2003 1610; baseline 0 -36"><span class='ocrx_word' id='word_1_160' title='bbox 363 1536 667 1575; x_wconf 86' lang='lat' dir='ltr'><strong>custodiendus</strong></span> <span class='ocrx_word' id='word_1_161' title='bbox 695 1539 808 1586; x_wconf 88' lang='lat' dir='ltr'><strong>erat,</strong></span> <span class='ocrx_word' id='word_1_162' title='bbox 850 1534 1297 1586; x_wconf 83' lang='lat' dir='ltr'><strong>appropinquantibus</strong></span> <span class='ocrx_word' id='word_1_163' title='bbox 1327 1533 1470 1573; x_wconf 86' lang='lat' dir='ltr'><strong>Persis</strong></span> <span class='ocrx_word' id='word_1_164' title='bbox 1498 1533 1541 1573; x_wconf 90' lang='lat' dir='ltr'><strong>in</strong></span> <span class='ocrx_word' id='word_1_165' title='bbox 1571 1543 1790 1574; x_wconf 83' lang='lat' dir='ltr'><strong>summum</strong></span> <span class='ocrx_word' id='word_1_166' title='bbox 1816 1533 2003 1610; x_wconf 72' lang='lat' dir='ltr'><strong>montem</strong></span> 
     </span>
     <span class='ocr_line' id='line_1_22' title="bbox 366 1600 1899 1651; baseline 0.003 -12"><span class='ocrx_word' id='word_1_167' title='bbox 366 1601 564 1651; x_wconf 79' lang='lat' dir='ltr'><strong>fugerant</strong></span> <span class='ocrx_word' id='word_1_168' title='bbox 595 1601 704 1651; x_wconf 87' lang='lat' dir='ltr'><strong>(cap.</strong></span> <span class='ocrx_word' id='word_1_169' title='bbox 738 1600 850 1650; x_wconf 85' lang='lat'><strong>218).</strong></span> <span class='ocrx_word' id='word_1_170' title='bbox 1896 1614 1899 1617; x_wconf 85' lang='grc'><em>·</em></span> 
     </span>
     <span class='ocr_line' id='line_1_23' title="bbox 418 1625 2006 1716; baseline 0 -12"><span class='ocrx_word' id='word_1_171' title='bbox 418 1667 542 1705; x_wconf 86' lang='lat' dir='ltr'><strong>Levis</strong></span> <span class='ocrx_word' id='word_1_172' title='bbox 581 1678 649 1706; x_wconf 88' lang='lat' dir='ltr'><strong>res</strong></span> <span class='ocrx_word' id='word_1_173' title='bbox 687 1666 947 1716; x_wconf 86' lang='lat' dir='ltr'><strong>expedienda</strong></span> <span class='ocrx_word' id='word_1_174' title='bbox 986 1669 1148 1705; x_wconf 91' lang='lat' dir='ltr'><strong>manet:</strong></span> <span class='ocrx_word' id='word_1_175' title='bbox 1187 1665 1409 1715; x_wconf 87' lang='lat' dir='ltr'><strong>quaeritur</strong></span> <span class='ocrx_word' id='word_1_176' title='bbox 1442 1665 1579 1714; x_wconf 83' lang='lat' dir='ltr'><strong>enim,</strong></span> <span class='ocrx_word' id='word_1_177' title='bbox 1620 1665 1694 1715; x_wconf 88' lang='lat' dir='ltr'><strong>qui</strong></span> <span class='ocrx_word' id='word_1_178' title='bbox 1722 1625 2006 1715; x_wconf 70' lang='lat' dir='ltr'><strong>Apdlodomn</strong></span> 
     </span>
    </p>
   </div>
   <div class='ocr_carea' id='block_1_6' title="bbox 366 1727 2072 1782">
    <p class='ocr_par' dir='ltr' id='par_1_7' title="bbox 366 1727 2072 1782">
     <span class='ocr_line' id='line_1_24' title="bbox 366 1727 2072 1782; baseline 0.002 -13"><span class='ocrx_word' id='word_1_179' title='bbox 366 1731 640 1771; x_wconf 81' lang='lat' dir='ltr'><strong>Locrensium</strong></span> <span class='ocrx_word' id='word_1_180' title='bbox 677 1733 941 1782; x_wconf 88' lang='lat' dir='ltr'><strong>epigramma</strong></span> <span class='ocrx_word' id='word_1_181' title='bbox 979 1731 1233 1781; x_wconf 88' lang='lat' dir='ltr'><strong>inscriptum</strong></span> <span class='ocrx_word' id='word_1_182' title='bbox 1271 1742 1366 1770; x_wconf 84' lang='lat' dir='ltr'><strong>esse</strong></span> <span class='ocrx_word' id='word_1_183' title='bbox 1397 1731 1537 1770; x_wconf 83' lang='lat' dir='ltr'><strong>dicere</strong></span> <span class='ocrx_word' id='word_1_184' title='bbox 1566 1730 1751 1780; x_wconf 84' lang='lat' dir='ltr'><strong>potuerit</strong></span> <span class='ocrx_word' id='word_1_185' title='bbox 1776 1729 1822 1770; x_wconf 81' lang='lat' dir='ltr'><strong>in</strong></span> <span class='ocrx_word' id='word_1_186' title='bbox 1842 1727 2005 1782; x_wconf 69' lang='lat' dir='ltr'><strong>primo</strong></span> <span class='ocrx_word' id='word_1_187' title='bbox 2060 1762 2072 1772; x_wconf 81' lang='lat'><strong>.</strong></span> 
     </span>
    </p>
   </div>
   <div class='ocr_carea' id='block_1_7' title="bbox 359 1796 2008 2629">
    <p class='ocr_par' dir='ltr' id='par_1_8' title="bbox 362 1796 2007 2174">
     <span class='ocr_line' id='line_1_25' title="bbox 362 1796 2001 1847; baseline 0 -12"><span class='ocrx_word' id='word_1_188' title='bbox 362 1796 497 1847; x_wconf 87' lang='lat' dir='ltr'><strong>cippo.</strong></span> <span class='ocrx_word' id='word_1_189' title='bbox 559 1797 737 1836; x_wconf 83' lang='lat' dir='ltr'><strong>Frustra</strong></span> <span class='ocrx_word' id='word_1_190' title='bbox 785 1808 970 1846; x_wconf 88' lang='lat' dir='ltr'><strong>quaero,</strong></span> <span class='ocrx_word' id='word_1_191' title='bbox 1021 1797 1190 1846; x_wconf 90' lang='lat' dir='ltr'><strong>qualem</strong></span> <span class='ocrx_word' id='word_1_192' title='bbox 1233 1796 1424 1835; x_wconf 87' lang='lat' dir='ltr'><strong>ordinem</strong></span> <span class='ocrx_word' id='word_1_193' title='bbox 1470 1796 1538 1835; x_wconf 89' lang='lat' dir='ltr'><strong>hic</strong></span> <span class='ocrx_word' id='word_1_194' title='bbox 1579 1796 1738 1846; x_wconf 78' lang='lat' dir='ltr'><strong>spectet</strong></span> <span class='ocrx_word' id='word_1_195' title='bbox 1778 1803 2001 1835; x_wconf 68' lang='lat' dir='ltr'><strong>numerus.</strong></span> 
     </span>
     <span class='ocr_line' id='line_1_26' title="bbox 364 1860 2007 1912; baseline 0 -12"><span class='ocrx_word' id='word_1_196' title='bbox 364 1861 517 1900; x_wconf 81' lang='lat' dir='ltr'><strong>Nullus</strong></span> <span class='ocrx_word' id='word_1_197' title='bbox 564 1862 675 1900; x_wconf 92' lang='lat' dir='ltr'><strong>enim</strong></span> <span class='ocrx_word' id='word_1_198' title='bbox 723 1862 944 1912; x_wconf 89' lang='lat' dir='ltr'><strong>cipporum</strong></span> <span class='ocrx_word' id='word_1_199' title='bbox 993 1862 1073 1900; x_wconf 84' lang='lat' dir='ltr'><strong>fuit</strong></span> <span class='ocrx_word' id='word_1_200' title='bbox 1119 1861 1243 1909; x_wconf 77' lang='lat' dir='ltr'><strong>ordo3</strong></span> <span class='ocrx_word' id='word_1_201' title='bbox 1292 1864 1422 1911; x_wconf 85' lang='lat' dir='ltr'><strong>atque</strong></span> <span class='ocrx_word' id='word_1_202' title='bbox 1467 1861 1504 1899; x_wconf 89' lang='lat' dir='ltr'><strong>si</strong></span> <span class='ocrx_word' id='word_1_203' title='bbox 1550 1860 1725 1911; x_wconf 80' lang='lat' dir='ltr'><strong>quidam</strong></span> <span class='ocrx_word' id='word_1_204' title='bbox 1766 1860 1875 1901; x_wconf 75' lang='lat' dir='ltr'><strong>ordo</strong></span> <span class='ocrx_word' id='word_1_205' title='bbox 1912 1860 2007 1900; x_wconf 68' lang='lat' dir='ltr'><strong>ent</strong></span> 
     </span>
     <span class='ocr_line' id='line_1_27' title="bbox 362 1919 2005 1977; baseline 0 -12"><span class='ocrx_word' id='word_1_206' title='bbox 362 1926 681 1976; x_wconf 84' lang='lat' dir='ltr'><strong>observandus,</strong></span> <span class='ocrx_word' id='word_1_207' title='bbox 728 1927 820 1966; x_wconf 90' lang='lat' dir='ltr'><strong>sine</strong></span> <span class='ocrx_word' id='word_1_208' title='bbox 862 1927 948 1966; x_wconf 88' lang='lat' dir='ltr'><strong>ullo</strong></span> <span class='ocrx_word' id='word_1_209' title='bbox 989 1927 1121 1966; x_wconf 90' lang='lat' dir='ltr'><strong>dubio</strong></span> <span class='ocrx_word' id='word_1_210' title='bbox 1166 1926 1479 1976; x_wconf 85' lang='lat' dir='ltr'><strong>Spartiatarum</strong></span> <span class='ocrx_word' id='word_1_211' title='bbox 1517 1926 1783 1977; x_wconf 81' lang='lat' dir='ltr'><strong>epigramma</strong></span> <span class='ocrx_word' id='word_1_212' title='bbox 1816 1919 2005 1977; x_wconf 68' lang='lat' dir='ltr'><strong>prinum</strong></span> 
     </span>
     <span class='ocr_line' id='line_1_28' title="bbox 362 1988 2006 2042; baseline 0.001 -12"><span class='ocrx_word' id='word_1_213' title='bbox 362 1991 587 2031; x_wconf 85' lang='lat' dir='ltr'><strong>dicendum</strong></span> <span class='ocrx_word' id='word_1_214' title='bbox 608 1995 711 2031; x_wconf 89' lang='lat' dir='ltr'><strong>erat.</strong></span> <span class='ocrx_word' id='word_1_215' title='bbox 745 1993 795 2031; x_wconf 83' lang='lat' dir='ltr'><strong>At</strong></span> <span class='ocrx_word' id='word_1_216' title='bbox 818 1992 913 2031; x_wconf 90' lang='lat' dir='ltr'><strong>vide</strong></span> <span class='ocrx_word' id='word_1_217' title='bbox 933 2004 1036 2031; x_wconf 92' lang='lat' dir='ltr'><strong>num</strong></span> <span class='ocrx_word' id='word_1_218' title='bbox 1056 1991 1339 2042; x_wconf 87' lang='lat' dir='ltr'><strong>Apollodorus</strong></span> <span class='ocrx_word' id='word_1_219' title='bbox 1358 1992 1576 2042; x_wconf 83' lang='lat' dir='ltr'><strong>scripserit</strong></span> <span class='ocrx_word' id='word_1_220' title='bbox 1598 1990 1841 2042; x_wconf 79' lang='lat' dir='ltr'><strong>Straboque</strong></span> <span class='ocrx_word' id='word_1_221' title='bbox 1856 1988 2006 2042; x_wconf 66' lang='lat' dir='ltr'><strong>legerit</strong></span> 
     </span>
     <span class='ocr_line' id='line_1_29' title="bbox 363 2052 2002 2108; baseline 0.001 -14"><span class='ocrx_word' id='word_1_222' title='bbox 363 2054 427 2094; x_wconf 71' lang='grc' dir='ltr'><strong>ἐπὶ</strong></span> <span class='ocrx_word' id='word_1_223' title='bbox 455 2059 550 2107; x_wconf 84' lang='grc' dir='ltr'><strong>μιᾷ</strong></span> <span class='ocrx_word' id='word_1_224' title='bbox 579 2058 662 2095; x_wconf 79' lang='grc' dir='ltr'><strong>τῶν</strong></span> <span class='ocrx_word' id='word_1_225' title='bbox 690 2056 809 2095; x_wconf 75' lang='grc' dir='ltr'><em>πέντε</em></span> <span class='ocrx_word' id='word_1_226' title='bbox 837 2054 1023 2108; x_wconf 80' lang='grc' dir='ltr'><em>στηλῶν,</em></span> <span class='ocrx_word' id='word_1_227' title='bbox 1056 2056 1171 2106; x_wconf 90' lang='lat' dir='ltr'><strong>quod</strong></span> <span class='ocrx_word' id='word_1_228' title='bbox 1200 2067 1224 2095; x_wconf 90' lang='lat' dir='ltr'><strong>a</strong></span> <span class='ocrx_word' id='word_1_229' title='bbox 1254 2055 1428 2095; x_wconf 89' lang='lat' dir='ltr'><strong>librario</strong></span> <span class='ocrx_word' id='word_1_230' title='bbox 1456 2056 1663 2106; x_wconf 81' lang='lat' dir='ltr'><strong>seriptum</strong></span> <span class='ocrx_word' id='word_1_231' title='bbox 1691 2066 1839 2096; x_wconf 84' lang='lat' dir='ltr'><strong>errore</strong></span> <span class='ocrx_word' id='word_1_232' title='bbox 1858 2052 1928 2096; x_wconf 64' lang='lat' dir='ltr'><strong>&amp;a</strong></span> <span class='ocrx_word' id='word_1_233' title='bbox 1946 2052 2002 2107; x_wconf 76' lang='grc' dir='ltr'><strong>α’,</strong></span> 
     </span>
     <span class='ocr_line' id='line_1_30' title="bbox 362 2120 1308 2174; baseline 0 -14"><span class='ocrx_word' id='word_1_234' title='bbox 362 2133 384 2160; x_wconf 94' lang='lat' dir='ltr'><strong>a</strong></span> <span class='ocrx_word' id='word_1_235' title='bbox 415 2122 538 2161; x_wconf 88' lang='lat' dir='ltr'><strong>tertio</strong></span> <span class='ocrx_word' id='word_1_236' title='bbox 566 2122 752 2161; x_wconf 76' lang='lat' dir='ltr'><strong>solutum</strong></span> <span class='ocrx_word' id='word_1_237' title='bbox 782 2123 836 2161; x_wconf 87' lang='lat' dir='ltr'><strong>sit</strong></span> <span class='ocrx_word' id='word_1_238' title='bbox 865 2122 907 2161; x_wconf 91' lang='lat' dir='ltr'><strong>in</strong></span> <span class='ocrx_word' id='word_1_239' title='bbox 938 2120 1003 2161; x_wconf 78' lang='grc' dir='ltr'><strong>ἐπὶ</strong></span> <span class='ocrx_word' id='word_1_240' title='bbox 1032 2124 1079 2174; x_wconf 78' lang='grc' dir='ltr'><strong>τῇ</strong></span> <span class='ocrx_word' id='word_1_241' title='bbox 1108 2120 1308 2173; x_wconf 76' lang='grc' dir='ltr'><strong>πρώτῃ.</strong></span> 
     </span>
    </p>

    <p class='ocr_par' dir='ltr' id='par_1_9' title="bbox 359 2185 2006 2367">
     <span class='ocr_line' id='line_1_31' title="bbox 419 2185 2006 2238; baseline 0.001 -13"><span class='ocrx_word' id='word_1_242' title='bbox 419 2185 445 2237; x_wconf 68' lang='grc' dir='ltr'><strong>ἓ</strong></span> <span class='ocrx_word' id='word_1_243' title='bbox 479 2187 539 2226; x_wconf 87' lang='grc'><strong>17.</strong></span> <span class='ocrx_word' id='word_1_244' title='bbox 601 2186 669 2227; x_wconf 86' lang='lat' dir='ltr'><strong>De</strong></span> <span class='ocrx_word' id='word_1_245' title='bbox 719 2187 846 2227; x_wconf 74' lang='lat' dir='ltr'><strong>fonte</strong></span> <span class='ocrx_word' id='word_1_246' title='bbox 892 2187 1143 2238; x_wconf 80' lang='lat' dir='ltr'><strong>Spartano.</strong></span> <span class='ocrx_word' id='word_1_247' title='bbox 1203 2187 1469 2226; x_wconf 87' lang='lat' dir='ltr'><strong>Herodotum</strong></span> <span class='ocrx_word' id='word_1_248' title='bbox 1517 2187 1634 2226; x_wconf 81' lang='lat' dir='ltr'><strong>fonte</strong></span> <span class='ocrx_word' id='word_1_249' title='bbox 1681 2186 1897 2237; x_wconf 69' lang='lat' dir='ltr'><strong>Spartano</strong></span> <span class='ocrx_word' id='word_1_250' title='bbox 1941 2185 2006 2227; x_wconf 78' lang='lat' dir='ltr'><strong>uti</strong></span> 
     </span>
     <span class='ocr_line' id='line_1_32' title="bbox 359 2250 2006 2304; baseline 0.001 -14"><span class='ocrx_word' id='word_1_251' title='bbox 359 2250 588 2302; x_wconf 73' lang='lat' dir='ltr'><strong>potuisse,</strong></span> <span class='ocrx_word' id='word_1_252' title='bbox 630 2252 728 2291; x_wconf 90' lang='lat' dir='ltr'><strong>inde</strong></span> <span class='ocrx_word' id='word_1_253' title='bbox 764 2254 953 2302; x_wconf 84' lang='lat' dir='ltr'><strong>constat,</strong></span> <span class='ocrx_word' id='word_1_254' title='bbox 995 2252 1110 2301; x_wconf 90' lang='lat' dir='ltr'><strong>quod</strong></span> <span class='ocrx_word' id='word_1_255' title='bbox 1152 2251 1333 2301; x_wconf 87' lang='lat' dir='ltr'><strong>Spartae</strong></span> <span class='ocrx_word' id='word_1_256' title='bbox 1370 2263 1416 2291; x_wconf 87' lang='lat' dir='ltr'><strong>se</strong></span> <span class='ocrx_word' id='word_1_257' title='bbox 1454 2254 1764 2292; x_wconf 84' lang='lat' dir='ltr'><strong>commoratum</strong></span> <span class='ocrx_word' id='word_1_258' title='bbox 1790 2260 1888 2292; x_wconf 78' lang='lat' dir='ltr'><strong>esse</strong></span> <span class='ocrx_word' id='word_1_259' title='bbox 1911 2250 2006 2304; x_wconf 70' lang='lat' dir='ltr'><strong>ipae</strong></span> 
     </span>
     <span class='ocr_line' id='line_1_33' title="bbox 363 2317 835 2367; baseline 0 -11"><span class='ocrx_word' id='word_1_260' title='bbox 363 2319 543 2356; x_wconf 80' lang='lat' dir='ltr'><strong>testatur</strong></span> <span class='ocrx_word' id='word_1_261' title='bbox 572 2317 653 2356; x_wconf 94' lang='lat'><strong>111.</strong></span> <span class='ocrx_word' id='word_1_262' title='bbox 687 2318 738 2357; x_wconf 85' lang='lat'><strong>55</strong></span> <span class='ocrx_word' id='word_1_263' title='bbox 766 2317 835 2367; x_wconf 74' lang='grc' dir='ltr'><strong>3ὓ).</strong></span> 
     </span>
    </p>

    <p class='ocr_par' dir='ltr' id='par_1_10' title="bbox 363 2381 2008 2629">
     <span class='ocr_line' id='line_1_34' title="bbox 419 2381 2006 2434; baseline 0.001 -13"><span class='ocrx_word' id='word_1_264' title='bbox 419 2382 560 2432; x_wconf 90' lang='lat' dir='ltr'><strong>Supra</strong></span> <span class='ocrx_word' id='word_1_265' title='bbox 601 2382 648 2433; x_wconf 65' lang='grc' dir='ltr'><strong>(ξ</strong></span> <span class='ocrx_word' id='word_1_266' title='bbox 683 2382 748 2432; x_wconf 88' lang='grc'><strong>13)</strong></span> <span class='ocrx_word' id='word_1_267' title='bbox 789 2383 871 2422; x_wconf 86' lang='lat' dir='ltr'><strong>iam</strong></span> <span class='ocrx_word' id='word_1_268' title='bbox 911 2383 1055 2422; x_wconf 89' lang='lat' dir='ltr'><strong>monui</strong></span> <span class='ocrx_word' id='word_1_269' title='bbox 1090 2381 1338 2433; x_wconf 81' lang='lat' dir='ltr'><strong>probabile</strong></span> <span class='ocrx_word' id='word_1_270' title='bbox 1373 2393 1467 2422; x_wconf 78' lang='lat' dir='ltr'><strong>ease</strong></span> <span class='ocrx_word' id='word_1_271' title='bbox 1503 2382 1792 2433; x_wconf 84' lang='lat' dir='ltr'><strong>Herodotum,</strong></span> <span class='ocrx_word' id='word_1_272' title='bbox 1831 2393 1887 2423; x_wconf 79' lang='lat' dir='ltr'><strong>ex</strong></span> <span class='ocrx_word' id='word_1_273' title='bbox 1917 2392 2006 2434; x_wconf 75' lang='lat' dir='ltr'><strong>qno</strong></span> 
     </span>
     <span class='ocr_line' id='line_1_35' title="bbox 364 2446 2006 2498; baseline 0.002 -12"><span class='ocrx_word' id='word_1_274' title='bbox 364 2447 478 2486; x_wconf 74' lang='lat' dir='ltr'><strong>fonte</strong></span> <span class='ocrx_word' id='word_1_275' title='bbox 516 2448 705 2487; x_wconf 88' lang='lat' dir='ltr'><strong>notitiam</strong></span> <span class='ocrx_word' id='word_1_276' title='bbox 745 2448 958 2487; x_wconf 86' lang='lat' dir='ltr'><strong>hausisset</strong></span> <span class='ocrx_word' id='word_1_277' title='bbox 996 2448 1048 2486; x_wconf 89' lang='lat' dir='ltr'><strong>de</strong></span> <span class='ocrx_word' id='word_1_278' title='bbox 1080 2447 1297 2487; x_wconf 89' lang='lat' dir='ltr'><strong>Simonide</strong></span> <span class='ocrx_word' id='word_1_279' title='bbox 1326 2447 1544 2498; x_wconf 80' lang='lat' dir='ltr'><strong>Megistiae</strong></span> <span class='ocrx_word' id='word_1_280' title='bbox 1573 2447 1863 2498; x_wconf 72' lang='lat' dir='ltr'><strong>inscriptionis</strong></span> <span class='ocrx_word' id='word_1_281' title='bbox 1889 2446 2006 2489; x_wconf 74' lang='lat' dir='ltr'><strong>‹ledi-</strong></span> 
     </span>
     <span class='ocr_line' id='line_1_36' title="bbox 363 2512 2008 2562; baseline 0.001 -11"><span class='ocrx_word' id='word_1_282' title='bbox 363 2515 525 2562; x_wconf 85' lang='lat' dir='ltr'><strong>catore,</strong></span> <span class='ocrx_word' id='word_1_283' title='bbox 562 2524 614 2551; x_wconf 84' lang='lat' dir='ltr'><strong>ex</strong></span> <span class='ocrx_word' id='word_1_284' title='bbox 642 2512 789 2551; x_wconf 89' lang='lat' dir='ltr'><strong>eodem</strong></span> <span class='ocrx_word' id='word_1_285' title='bbox 818 2513 1071 2562; x_wconf 87' lang='lat' dir='ltr'><strong>cognovisse</strong></span> <span class='ocrx_word' id='word_1_286' title='bbox 1097 2515 1138 2551; x_wconf 90' lang='lat' dir='ltr'><strong>et</strong></span> <span class='ocrx_word' id='word_1_287' title='bbox 1165 2512 1522 2562; x_wconf 83' lang='lat' dir='ltr'><strong>epigrammatum</strong></span> <span class='ocrx_word' id='word_1_288' title='bbox 1553 2513 1745 2562; x_wconf 88' lang='lat' dir='ltr'><strong>ipsorum</strong></span> <span class='ocrx_word' id='word_1_289' title='bbox 1772 2514 1939 2555; x_wconf 77' lang='lat' dir='ltr'><strong>textum</strong></span> <span class='ocrx_word' id='word_1_290' title='bbox 1963 2513 2008 2553; x_wconf 74' lang='lat' dir='ltr'><strong>et</strong></span> 
     </span>
     <span class='ocr_line' id='line_1_37' title="bbox 363 2577 2007 2629; baseline 0.002 -14"><span class='ocrx_word' id='word_1_291' title='bbox 363 2589 545 2627; x_wconf 89' lang='lat' dir='ltr'><strong>quorum</strong></span> <span class='ocrx_word' id='word_1_292' title='bbox 577 2577 619 2616; x_wconf 89' lang='lat' dir='ltr'><strong>in</strong></span> <span class='ocrx_word' id='word_1_293' title='bbox 651 2578 900 2616; x_wconf 61' lang='lat' dir='ltr'><strong>memoriamv</strong></span> <span class='ocrx_word' id='word_1_294' title='bbox 927 2577 1036 2627; x_wconf 89' lang='lat' dir='ltr'><strong>cippi</strong></span> <span class='ocrx_word' id='word_1_295' title='bbox 1068 2577 1250 2615; x_wconf 81' lang='lat' dir='ltr'><strong>fuissent</strong></span> <span class='ocrx_word' id='word_1_296' title='bbox 1279 2577 1440 2616; x_wconf 82' lang='lat' dir='ltr'><strong>statuti.</strong></span> <span class='ocrx_word' id='word_1_297' title='bbox 1488 2577 1551 2616; x_wconf 84' lang='lat' dir='ltr'><strong>Ab</strong></span> <span class='ocrx_word' id='word_1_298' title='bbox 1580 2578 1712 2618; x_wconf 83' lang='lat' dir='ltr'><strong>altera</strong></span> <span class='ocrx_word' id='word_1_299' title='bbox 1740 2579 1864 2629; x_wconf 70' lang='lat' dir='ltr'><strong>parte</strong></span> <span class='ocrx_word' id='word_1_300' title='bbox 1888 2588 2007 2619; x_wconf 78' lang='lat' dir='ltr'><strong>nuno</strong></span> 
     </span>
    </p>
   </div>
   <div class='ocr_carea' id='block_1_8' title="bbox 364 2766 2006 2922">
    <p class='ocr_par' dir='ltr' id='par_1_11' title="bbox 375 2766 2006 2922">
     <span class='ocr_line' id='line_1_38' title="bbox 407 2766 2006 2810; baseline 0.008 -19"><span class='ocrx_word' id='word_1_301' title='bbox 407 2766 454 2806; x_wconf 60' lang='grc'><strong>31)</strong></span> <span class='ocrx_word' id='word_1_302' title='bbox 502 2769 554 2805; x_wconf 69' lang='lat' dir='ltr'><strong>Qu</strong></span> <span class='ocrx_word' id='word_1_303' title='bbox 534 2777 598 2798; x_wconf 64' lang='lat' dir='ltr'><strong>..ae</strong></span> <span class='ocrx_word' id='word_1_304' title='bbox 624 2767 751 2809; x_wconf 70' lang='lat' dir='ltr'><strong>Preger</strong></span> <span class='ocrx_word' id='word_1_305' title='bbox 777 2779 807 2809; x_wconf 81' lang='lat' dir='ltr'><strong>p.</strong></span> <span class='ocrx_word' id='word_1_306' title='bbox 828 2766 871 2799; x_wconf 74' lang='grc'><strong>18</strong></span> <span class='ocrx_word' id='word_1_307' title='bbox 896 2768 960 2799; x_wconf 64' lang='lat' dir='ltr'><strong>hac</strong></span> <span class='ocrx_word' id='word_1_308' title='bbox 952 2778 960 2786; x_wconf 80' lang='lat'><em>=</em></span> <span class='ocrx_word' id='word_1_309' title='bbox 984 2767 1027 2799; x_wconf 81' lang='lat' dir='ltr'><strong>de</strong></span> <span class='ocrx_word' id='word_1_310' title='bbox 1051 2778 1088 2799; x_wconf 83' lang='lat' dir='ltr'><strong>re</strong></span> <span class='ocrx_word' id='word_1_311' title='bbox 1112 2767 1323 2809; x_wconf 78' lang='lat' dir='ltr'><strong>disputavit,</strong></span> <span class='ocrx_word' id='word_1_312' title='bbox 1345 2777 1388 2799; x_wconf 78' lang='lat' dir='ltr'><strong>ea</strong></span> <span class='ocrx_word' id='word_1_313' title='bbox 1410 2771 1512 2807; x_wconf 85' lang='lat' dir='ltr'><strong>sunt,</strong></span> <span class='ocrx_word' id='word_1_314' title='bbox 1537 2778 1629 2810; x_wconf 78' lang='lat' dir='ltr'><strong>quae</strong></span> <span class='ocrx_word' id='word_1_315' title='bbox 1653 2769 1863 2802; x_wconf 69' lang='lat' dir='ltr'><strong>iamdudum</strong></span> <span class='ocrx_word' id='word_1_316' title='bbox 1884 2777 1910 2802; x_wconf 76' lang='grc' dir='ltr'>ι</span> <span class='ocrx_word' id='word_1_317' title='bbox 1931 2769 2006 2803; x_wconf 74' lang='lat' dir='ltr'><strong>viro</strong></span> 
     </span>
     <span class='ocr_line' id='line_1_39' title="bbox 364 2824 904 2865; baseline -0.002 -8.979"><span class='ocrx_word' id='word_1_318' title='bbox 364 2824 396 2856; x_wconf 88' lang='grc' dir='ltr'><strong>ι1.</strong></span> <span class='ocrx_word' id='word_1_319' title='bbox 421 2825 494 2865; x_wconf 76' lang='lat' dir='ltr'><strong>ipso</strong></span> <span class='ocrx_word' id='word_1_320' title='bbox 519 2824 646 2856; x_wconf 73' lang='lat' dir='ltr'><strong>reiecta</strong></span> <span class='ocrx_word' id='word_1_321' title='bbox 669 2834 745 2856; x_wconf 69' lang='lat' dir='ltr'><strong>esse</strong></span> <span class='ocrx_word' id='word_1_322' title='bbox 771 2829 904 2865; x_wconf 79' lang='lat' dir='ltr'><strong>p.ntem</strong></span> 
     </span>
     <span class='ocr_line' id='line_1_40' title="bbox 407 2880 1381 2922; baseline 0 -9"><span class='ocrx_word' id='word_1_323' title='bbox 407 2880 453 2914; x_wconf 60' lang='lat'><strong>3¹)</strong></span> <span class='ocrx_word' id='word_1_324' title='bbox 500 2880 684 2913; x_wconf 81' lang='lat' dir='ltr'><strong>Thebanos</strong></span> <span class='ocrx_word' id='word_1_325' title='bbox 709 2881 878 2912; x_wconf 79' lang='lat' dir='ltr'><strong>nimirum</strong></span> <span class='ocrx_word' id='word_1_326' title='bbox 905 2881 948 2912; x_wconf 82' lang='grc' dir='ltr'><strong>Ιιιι</strong></span> <span class='ocrx_word' id='word_1_327' title='bbox 939 2890 1035 2912; x_wconf 68' lang='lat' dir='ltr'><strong>inore</strong></span> <span class='ocrx_word' id='word_1_328' title='bbox 1060 2880 1221 2922; x_wconf 73' lang='lat' dir='ltr'><strong>indiguos</strong></span> <span class='ocrx_word' id='word_1_329' title='bbox 1247 2881 1381 2914; x_wconf 78' lang='lat' dir='ltr'><strong>imbuit.</strong></span> 
     </span>
    </p>
   </div>
   <div class='ocr_carea' id='block_1_9' title="bbox 364 2934 2043 3025">
    <p class='ocr_par' dir='ltr' id='par_1_12' title="bbox 364 2934 2043 3025">
     <span class='ocr_line' id='line_1_41' title="bbox 407 2934 2043 2979; baseline 0.003 -13.056"><span class='ocrx_word' id='word_1_330' title='bbox 407 2934 456 2966; x_wconf 67' lang='lat'><strong>3⁵)</strong></span> <span class='ocrx_word' id='word_1_331' title='bbox 503 2936 690 2969; x_wconf 74' lang='lat' dir='ltr'><strong>Locrenses</strong></span> <span class='ocrx_word' id='word_1_332' title='bbox 714 2937 798 2979; x_wconf 79' lang='lat' dir='ltr'><strong>qnid</strong></span> <span class='ocrx_word' id='word_1_333' title='bbox 826 2937 991 2977; x_wconf 71' lang='lat' dir='ltr'><strong>seem-‚int</strong></span> <span class='ocrx_word' id='word_1_334' title='bbox 1017 2946 1086 2969; x_wconf 88' lang='lat' dir='ltr'><strong>non</strong></span> <span class='ocrx_word' id='word_1_335' title='bbox 1112 2937 1282 2975; x_wconf 62' lang='lat' dir='ltr'><strong>traditum</strong></span> <span class='ocrx_word' id='word_1_336' title='bbox 1316 2938 1439 2978; x_wconf 61' lang='lat' dir='ltr'><strong>proclii</strong></span> <span class='ocrx_word' id='word_1_337' title='bbox 1439 2938 1477 2970; x_wconf 85' lang='lat' dir='ltr'><strong>is</strong></span> <span class='ocrx_word' id='word_1_338' title='bbox 1500 2943 1620 2970; x_wconf 86' lang='lat' dir='ltr'><strong>autem</strong></span> <span class='ocrx_word' id='word_1_339' title='bbox 1645 2942 1699 2970; x_wconf 85' lang='lat' dir='ltr'><strong>est</strong></span> <span class='ocrx_word' id='word_1_340' title='bbox 1718 2938 1925 2971; x_wconf 74' lang='lat' dir='ltr'><strong>coniectnn</strong></span> <span class='ocrx_word' id='word_1_341' title='bbox 1945 2945 2008 2972; x_wconf 71' lang='grc' dir='ltr'><strong>σοι</strong></span> <span class='ocrx_word' id='word_1_342' title='bbox 2036 2943 2043 2950; x_wconf 92' lang='grc'><strong>’</strong></span> 
     </span>
     <span class='ocr_line' id='line_1_42' title="bbox 364 2992 897 3025; baseline 0.002 -1"><span class='ocrx_word' id='word_1_343' title='bbox 364 3002 400 3024; x_wconf 77' lang='lat' dir='ltr'><strong>se</strong></span> <span class='ocrx_word' id='word_1_344' title='bbox 427 2992 497 3024; x_wconf 68' lang='lat' dir='ltr'><strong>vino</strong></span> <span class='ocrx_word' id='word_1_345' title='bbox 519 2993 663 3025; x_wconf 76' lang='grc'><strong>1115111115</strong></span> <span class='ocrx_word' id='word_1_346' title='bbox 685 2993 897 3025; x_wconf 79' lang='lat' dir='ltr'><strong>adiunxisse.</strong></span> 
     </span>
    </p>
   </div>
   <div class='ocr_carea' id='block_1_10' title="bbox 368 3047 2005 3146">
    <p class='ocr_par' dir='ltr' id='par_1_13' title="bbox 368 3047 2005 3146">
     <span class='ocr_line' id='line_1_43' title="bbox 408 3047 2005 3092; baseline 0.003 -13"><span class='ocrx_word' id='word_1_347' title='bbox 408 3047 455 3079; x_wconf 73' lang='grc'><strong>361</strong></span> <span class='ocrx_word' id='word_1_348' title='bbox 504 3048 632 3081; x_wconf 70' lang='grc'><strong>1111-11-111</strong></span> <span class='ocrx_word' id='word_1_349' title='bbox 636 3050 701 3090; x_wconf 79' lang='lat' dir='ltr'><strong>off,</strong></span> <span class='ocrx_word' id='word_1_350' title='bbox 729 3049 820 3082; x_wconf 87' lang='lat' dir='ltr'><strong>Uber</strong></span> <span class='ocrx_word' id='word_1_351' title='bbox 843 3049 898 3081; x_wconf 84' lang='lat' dir='ltr'><strong>die</strong></span> <span class='ocrx_word' id='word_1_352' title='bbox 924 3049 996 3082; x_wconf 88' lang='lat' dir='ltr'><strong>Zeit</strong></span> <span class='ocrx_word' id='word_1_353' title='bbox 1021 3059 1087 3082; x_wconf 80' lang='lat' dir='ltr'><strong>von</strong></span> <span class='ocrx_word' id='word_1_354' title='bbox 1112 3049 1293 3082; x_wconf 81' lang='lat' dir='ltr'><strong>Herodot&#39;s</strong></span> <span class='ocrx_word' id='word_1_355' title='bbox 1318 3050 1382 3082; x_wconf 79' lang='lat' dir='ltr'><strong>Bes</strong></span> <span class='ocrx_word' id='word_1_356' title='bbox 1385 3050 1453 3082; x_wconf 70' lang='grc' dir='ltr'><strong>ιιι-11</strong></span> <span class='ocrx_word' id='word_1_357' title='bbox 1478 3050 1513 3082; x_wconf 85' lang='grc'><strong>111</strong></span> <span class='ocrx_word' id='word_1_358' title='bbox 1538 3049 1682 3092; x_wconf 71' lang='lat' dir='ltr'><strong>Sparta,</strong></span> <span class='ocrx_word' id='word_1_359' title='bbox 1706 3049 1799 3083; x_wconf 76' lang='lat' dir='ltr'><strong>Mon.</strong></span> <span class='ocrx_word' id='word_1_360' title='bbox 1821 3049 1896 3082; x_wconf 86' lang='lat' dir='ltr'><strong>Ber.</strong></span> <span class='ocrx_word' id='word_1_361' title='bbox 1915 3049 2005 3084; x_wconf 82' lang='grc' dir='ltr'><strong>Βοὴ.</strong></span> 
     </span>
     <span class='ocr_line' id='line_1_44' title="bbox 368 3103 946 3146; baseline 0.009 -11"><span class='ocrx_word' id='word_1_362' title='bbox 368 3104 433 3136; x_wconf 77' lang='lat' dir='ltr'><strong>Ak.</strong></span> <span class='ocrx_word' id='word_1_363' title='bbox 465 3103 547 3135; x_wconf 64' lang='lat'><strong>1878</strong></span> <span class='ocrx_word' id='word_1_364' title='bbox 573 3115 603 3146; x_wconf 73' lang='lat' dir='ltr'><strong>p.</strong></span> <span class='ocrx_word' id='word_1_365' title='bbox 629 3104 656 3137; x_wconf 88' lang='lat'><strong>1.</strong></span> <span class='ocrx_word' id='word_1_366' title='bbox 941 3122 946 3126; x_wconf 92' lang='lat'>·</span> 
     </span>
    </p>
   </div>
  </div>
 </body>
</html>
