2072 3496
928 242 1002 286 241
1632 243 1657 298 ξ
1692 242 1780 286 139.

147 369 274 412 simul
301 371 392 411 erat
421 369 717 421 epanaphorae
745 371 787 409 in
814 374 1175 421 pentametrorum
1200 371 1374 411 exordio
1400 371 1458 422 (v.
1483 371 1507 411 2
1534 371 1672 423 φῶτ’.
1700 402 1708 410 .
1735 401 1743 410 .
1771 402 1778 410 .

147 450 188 478 V.
229 438 253 476 4
295 436 459 488 φῶτας)
504 436 785 475 eliminandae
826 437 990 475 occasio
1035 435 1105 487 (cf.
1149 449 1190 475 n.
1235 435 1317 493 15).
1369 436 1421 475 In
1464 437 1783 487 epigrammatis

146 503 260 542 exitu
303 502 418 541 haud
461 501 634 540 feliciter
677 513 754 551 pro
798 499 1071 553 Φερσεφόνης
1112 500 1281 541 ἀδύτων
1323 502 1437 540 dedit
1480 500 1529 541 Φ.
1573 500 1785 553 ’θαλάμων

149 567 209 619 (n.
247 566 341 618 23),
384 567 457 616 qui
495 567 815 605 commemorari
854 567 990 605 solent
1026 567 1070 606 in
1108 578 1201 616 epp.
1240 567 1283 604 in
1322 567 1498 605 iuvenes
1537 568 1786 616 puellasque

147 634 418 683 praematura
461 633 595 670 morte
637 633 734 670 ante
776 632 948 681 nuptias
986 632 1197 681 abreptos.
1245 632 1295 670 In
1334 643 1398 681 ep.
1434 632 1509 671 138
1548 633 1785 671 Pausanias

145 698 325 748 loquens
362 697 644 736 inducebatur
684 696 744 747 (n.
784 697 854 748 10,
891 695 982 747 11),
1025 697 1067 735 in
1098 697 1274 735 Acronis
1303 697 1609 746 epigrammate
1638 697 1784 736 allitte-

147 763 255 802 ratio
283 763 558 812 pessumdata
587 764 652 800 est
683 761 743 812 (n.
772 762 856 812 24).

199 828 251 867 In
280 827 506 866 dialecticis
536 827 695 865 nullam
725 822 883 866 certam
913 827 1119 866 rationem
1149 829 1321 866 secutus
1350 829 1414 866 est
1435 827 1639 866 CoUector
1659 830 1787 876 atque

146 893 204 932 ita
231 894 295 932 est
324 894 543 941 versatus,
576 893 624 930 ut
653 903 768 930 nunc
796 891 957 931 formas
985 892 1225 930 traditionis
1256 893 1288 930 A
1312 893 1355 930 in
1377 893 1502 931 aliam
1523 894 1786 931 converteret

146 958 371 996 dialectum
401 969 516 996 nunc
544 957 649 996 adeo
677 968 749 996 eas
779 957 962 1007 formas,
1004 969 1115 1006 quae
1143 958 1185 996 in
1215 958 1284 996 illa
1315 970 1399 996 non
1431 959 1542 996 recte
1570 959 1786 997 traderen-

146 1025 239 1073 tur,
271 1023 452 1061 intactas
474 1022 742 1071 relinqueret.
777 1022 826 1060 In
850 1022 1088 1061 Pausaniae
1108 1034 1172 1072 ep.
1199 1023 1274 1062 138
1295 1023 1387 1061 iure
1407 1023 1567 1062 formas
1589 1024 1782 1074 Doricas,

146 1099 257 1138 quae
284 1087 399 1137 apud
428 1087 720 1137 Thucydidem
749 1088 909 1126 Atticae
937 1090 1080 1138 erant,
1123 1089 1337 1128 revocavit
1353 1090 1418 1138 ll).
1467 1089 1519 1127 In
1548 1089 1788 1128 Pausaniae

148 1153 296 1192 medici
324 1153 629 1203 epigrammate
657 1165 734 1202 pro
763 1150 1027 1204 Παυσανίην
1055 1154 1225 1203 scripsit
1251 1151 1540 1204 Παυσανίαν,
1573 1155 1616 1193 in
1638 1155 1786 1193 ceteris

147 1218 323 1257 dialecto
352 1218 496 1257 Ionica
526 1219 696 1257 servata
725 1220 853 1267 atque
881 1218 985 1257 adeo
1014 1219 1180 1258 invecta
1209 1220 1346 1258 forma
1376 1217 1570 1263 νούσοις
1601 1219 1662 1271 (n.
1696 1219 1781 1269 22).

147 1282 418 1332 Quamquam
446 1284 490 1321 in
519 1284 837 1333 epigrammatis
869 1283 941 1322 141
974 1283 1154 1324 disticho
1182 1285 1333 1334 altero,
1367 1284 1482 1334 quod
1502 1286 1639 1323 totum
1661 1285 1786 1323 refin-

148 1349 232 1399 xit,
275 1349 425 1388 Dorica
453 1361 561 1388 usus
590 1351 654 1388 est
683 1349 881 1399 dialecto,
915 1349 1096 1389 formam
1127 1364 1196 1402 φη
1209 1348 1256 1400 μὶ
1284 1351 1327 1388 in
1359 1362 1487 1388 versu
1517 1351 1654 1400 primo
1683 1351 1786 1389 inte-

147 1426 270 1465 gram
297 1414 341 1453 in
369 1415 638 1453 traditionem
671 1414 700 1453 S
730 1415 962 1454 transtulit.
997 1416 1048 1454 In
1072 1427 1136 1465 ep.
1161 1415 1212 1455 96
1236 1416 1279 1454 in
1305 1416 1422 1454 hiatu
1448 1416 1629 1455 formam
1654 1415 1783 1466 ξένε,

148 1491 279 1530 quam
307 1480 350 1518 in
379 1481 488 1519 trad.
512 1481 546 1518 A
574 1492 627 1519 ex
656 1480 765 1526 ξὲνε
793 1481 885 1519 sine
912 1481 1085 1520 elisione
1114 1481 1270 1531 scripta
1299 1483 1435 1520 ortam
1464 1493 1559 1520 esse
1586 1481 1789 1519 intellexit

147 1545 421 1585 Wilamowitz
461 1545 532 1596 (cf.
573 1545 598 1597 ἕ
638 1546 688 1585 34
728 1558 768 1595 p.
802 1545 895 1596 68),
938 1547 1125 1586 servavit
1154 1547 1197 1585 in
1226 1547 1334 1586 trad.
1368 1546 1420 1596 S,
1454 1558 1715 1596 quamquam
1744 1547 1787 1584 in

148 1611 324 1661 proclivi
362 1612 452 1650 erat
490 1611 676 1650 scribere
714 1611 854 1662 ξεῖν’,
897 1623 1025 1661 quam
1065 1612 1245 1651 formam
1279 1612 1440 1662 ipsein
1469 1611 1788 1662 epigrammatis

149 1675 200 1715 92
228 1675 337 1714 trad.
368 1675 418 1714 A·
450 1676 649 1726 praetulit
676 1677 843 1716 lectioni
871 1676 922 1715 A²
952 1676 1060 1723 ξένε
1091 1677 1161 1728 (cf.
1193 1676 1218 1728 ξ
1248 1676 1333 1727 44).
1385 1678 1478 1715 Non
1508 1677 1626 1716 casui
1655 1677 1788 1715 tribu-

149 1741 308 1780 endum
346 1743 432 1791 est,
473 1742 588 1791 quod
626 1741 669 1780 in
708 1754 772 1792 ep.
806 1742 854 1781 91
895 1754 992 1781 cum
1021 1743 1064 1781 in
1097 1743 1299 1781 Herodoti
1329 1742 1544 1782 codicibus
1574 1742 1788 1792 primariis

149 1806 237 1846 fere
273 1807 474 1846 omnibus
512 1809 603 1846 tum
641 1807 685 1845 in
722 1807 848 1846 Anth.
884 1808 971 1846 Pal.
1007 1807 1068 1859 (in
1098 1820 1227 1858 quam
1257 1820 1321 1857 ep.
1355 1819 1406 1846 ex
1439 1807 1609 1857 Sylloge
1638 1819 1788 1857 propa-

150 1874 321 1922 gatum,
354 1883 439 1911 non
469 1883 521 1911 ex
550 1872 766 1911 Herodoto
794 1873 1050 1912 translatum
1079 1875 1165 1923 est,
1199 1874 1250 1912 cf.
1282 1871 1307 1924 ξ
1339 1872 1424 1923 97),
1457 1873 1619 1912 formae
1651 1870 1787 1911 ΙΙελο-

148 1935 380 1977 ποννάσου
420 1939 460 1976 et
503 1936 664 1988 τέτορες
707 1938 876 1988 Dorice,
923 1938 1065 1978 Ionice
1107 1939 1269 1977 formae
1306 1937 1404 1990 τῇδε
1441 1941 1481 1977 et
1517 1937 1790 1990 τριηκοσίαις

149 2003 426 2052 praebentur3
451 2003 716 2042 demonstrat
735 2004 838 2042 haec
858 2015 927 2042 res
945 2004 1029 2042 iam
1052 2004 1294 2043 Collectoris
1315 2005 1471 2053 aetate,
1500 2006 1681 2042 exeunte
1700 2016 1789 2042 sae-

149 2068 244 2107 culo
268 2069 441 2118 quarto,
470 2069 584 2118 apud
611 2069 877 2108 Herodotum
903 2069 981 2108 has
1005 2069 1166 2108 formas
1188 2069 1306 2108 iuxta
1327 2069 1421 2107 illas
1443 2069 1633 2107 extitisse
1650 2067 1699 2118 ¹2)
1720 2068 1784 2119 13).

193 2163 239 2204 11)
286 2163 422 2201 Quibus
454 2164 676 2196 Hicks—llill
706 2163 750 2195 16
779 2165 927 2206 receptis
957 2164 1093 2197 abicere
1116 2168 1237 2196 tamen
1263 2165 1464 2196 debuerunt
1487 2166 1633 2196 anorum
1660 2165 1789 2196 discre-

150 2219 306 2261 pantiam
341 2220 435 2252 inter
469 2220 535 2252 ΑΡ.
571 2223 608 2252 et
641 2219 750 2253 Thuc.
785 2221 923 2253 obviam
955 2231 1000 2253 sc.
1035 2221 1182 2263 primam
1214 2231 1396 2262 personam
1432 2218 1573 2259 ὤλεσα,
1608 2218 1788 2262 ἀνέθηκα.

152 2275 256 2308 Recte
279 2276 528 2318 inscriptionis
552 2279 689 2309 textum
713 2277 899 2309 constituit
924 2277 1047 2319 Bergk.
1098 2286 1101 2291 ‘

195 2330 240 2371 12)
287 2332 334 2363 Ex
370 2332 531 2364 undecim
563 2332 687 2364 Steinii
719 2332 897 2365 codicibus
931 2333 1104 2374 primariis
1137 2334 1205 2365 dno
1233 2334 1260 2365 R
1286 2339 1321 2366 ct
1344 2335 1368 2366 «l
1393 2337 1534 2366 tantum
1562 2333 1694 2365 liabent
1719 2334 1789 2366 sor-

152 2398 244 2420 mam
278 2385 535 2430 πελοπονήσου
571 2387 672 2429 (sic),
707 2398 749 2421 cx
787 2389 981 2421 minoribns
1016 2399 1109 2421 nnus
1145 2399 1161 2421 z
1195 2387 1397 2431 πελοποννή
1409 2400 1483 2421 σου.
1523 2390 1620 2431 Apud
1658 2390 1791 2422 Atticos

149 2444 263 2483 (Diod.
297 2442 433 2485 [1·lpn.]‚
465 2445 508 2477 cs.
540 2443 557 2483 ,Ε
590 2445 650 2485 48;
684 2445 843 2486 Aristid„
876 2445 918 2477 cf.
951 2444 968 2485 ἓ
1000 2445 1062 2486 553
1095 2446 1196 2478 inser.
1229 2446 1311 2478 (ῚΑ.
1347 2446 1386 2478 ll.
1419 2445 1524 2486 3111,
1557 2447 1599 2478 cf.
1632 2445 1648 2485 ,Ε
1677 2445 1791 2487 1223)

151 2501 320 2532 nimirum
347 2497 473 2542 -νὴσου
499 2501 704 2543 praebetnr3
737 2502 829 2534 idem
853 2502 944 2543 apud
975 2502 1177 2534 l’lanndem.
1217 2503 1279 2534 l'ro
1304 2499 1457 2543 τέτορες,
1482 2503 1674 2543 quominus
1699 2503 1790 2543 apnd

151 2557 228 2588 illos
259 2555 413 2598 τέτταρες
445 2556 676 2598 scriberetur,
707 2557 869 2589 obstabat
902 2561 1076 2598 metrum,
1109 2558 1141 2589 id
1178 2568 1256 2590 vero
1288 2562 1385 2590 extat
1419 2559 1452 2590 in
1486 2559 1582 2591 codd.
1608 2559 1792 2591 Aristiduis

151 2612 209 2652 (cs.
234 2611 251 2652 5
274 2612 312 2645 (11
342 2623 372 2654 p.
392 2612 491 2654 11());
516 2614 551 2646 in
576 2614 796 2655 autographo
822 2614 988 2646 l'lanndis
1012 2614 1219 2654 (Mau-cinno)
1245 2615 1335 2646 idem
1363 2615 1570 2647 vocabulum
1597 2615 1630 2647 in
1658 2613 1790 2656 τέτορες

150 2673 346 2702 correctum
372 2674 436 2702 est.
473 2670 523 2702 De
544 2670 693 2702 lectione
718 2667 945 2711 τριακοσίοις
970 2670 1060 2711 apud
1091 2670 1182 2702 Lasc.
1210 2669 1269 2702 lr.²
1294 2671 1358 2715 vigi.
1384 2669 1401 2712 ἓ
1424 2670 1490 2703 4⁶20
1516 2681 1545 2712 p.
1570 2671 1645 2703 203.

197 2725 242 2766 ¹3)
290 2726 484 2759 Dialectnm
518 2727 759 2759 traditionum
791 2727 1087 2768 epigrmnmntum
1118 2727 1348 2759 constituenti
1375 2728 1466 2759 band
1494 2729 1579 2759 levis
1603 2728 1792 2760 difficultas

152 2782 233 2814 inde
257 2783 379 2823 oritur,
403 2783 495 2824 quod
521 2783 660 2824 saepius
683 2793 764 2815 cum
789 2783 825 2815 in
851 2783 938 2815 trad.
965 2783 990 2814 Α
1017 2787 1093 2815 tum
1121 2784 1154 2815 in
1180 2783 1203 2814 S
1227 2793 1248 2815 a
1273 2783 1422 2815 librariis
1445 2784 1643 2816 traditionis
1662 2785 1791 2817 dial-›c-

153 2841 213 2870 tns
239 2838 462 2880 pessumdata
486 2843 549 2871 est.
590 2839 659 2880 Eg.
683 2849 736 2880 ep.
761 2838 804 2869 9⁸
830 2839 864 2871 in
892 2839 960 2871 Pal.
984 2841 1039 2877 (S)
1063 2839 1208 2871 exhibet
1230 2837 1468 2881 ἐλευθερίης,
1500 2841 1590 2881 apud
1619 2841 1707 2871 l‘lun.
1733 2840 1791 2878 (Α)

152 2891 388 2935 ἐλευθερίας,
412 2905 519 2936 qnam
548 2895 695 2927 sormam
721 2896 949 2927 Collectorem
977 2895 1149 2936 integram
1177 2897 1345 2937 recepisse
1366 2897 1466 2927 docet
1487 2897 1576 2927 alter
1596 2896 1793 2927 traditionis

153 2949 176 2983 S
199 2952 300 2983 testis
324 2951 514 2983 Favorinus
536 2948 741 2992 (ἐλευθερία
752 2954 795 2987 ς).
837 2951 967 2984 Contra
994 2952 1026 2983 in
1052 2962 1104 2993 ep.
1129 2951 1194 2983 1:34
1220 2955 1338 2983 textus
1364 2952 1387 2983 Λ
1415 2952 1540 2990 (l‘lut.)
1568 2953 1648 2983 vitio
1674 2953 1789 2994 inqui-

155 3011 260 3039 natus
283 3011 336 3039 est
359 3017 405 3040 sc.
427 3005 591 3049 μνάματα
615 3006 828 3049 ναυμαχίης
854 3017 913 3049 pro
939 3018 1015 3046 -ας,
1039 3008 1130 3049 qumi
1159 3009 1192 3040 in
1219 3008 1241 3038 S
1263 3009 1366 3048 (ΡΜ.)
1387 3009 1536 3040 <en-vam
1556 3008 1792 3041 (innector.—

156 3062 333 3095 Dialectus
364 3064 660 3105 epigrammatum
693 3064 846 3104 ipsorum
873 3064 1016 3095 donnum
1042 3064 1207 3095 constitui
1235 3068 1365 3105 potes-t,
1400 3068 1583 3106 postquam
1611 3065 1644 3096 in
1669 3075 1791 3097 corum

156 3120 324 3161 originem
351 3120 561 3163 inquisitum
586 3123 650 3152 est.
686 3120 734 3152 De
759 3120 823 3152 hac
849 3130 884 3151 re
910 3119 1104 3152 videbimus
1130 3119 1163 3152 in
1189 3121 1301 3152 altera
1327 3120 1431 3152 huius
1455 3130 1580 3153 comm.
1606 3124 1712 3162 parte.

1615 3175 1659 3210 16
