2072 3568
903 234 950 273 21
1622 238 1647 290 g
1681 240 1741 278 15.

109 354 228 400 Quae
255 356 401 405 aperta
430 356 570 395 fronte
598 361 792 407 pugnant
822 370 918 397 cnm
948 359 1018 408 iis,
1052 371 1162 408 quae
1189 372 1241 398 ex
1270 361 1488 411 copiarum
1517 366 1745 413 conspectu

108 420 354 460 deducenda
373 432 467 460 esse
487 422 684 461 vidimus.
720 423 1023 473 Luculentum,
1057 425 1226 474 opinor,
1260 428 1323 464 est
1345 427 1458 475 apud
1481 428 1742 471 Herodotum

107 485 216 524 duas
256 485 445 524 exhiberi
487 487 736 526 traditiones
778 488 991 536 diversas;
1036 501 1220 538 quarum
1263 491 1394 529 altera
1435 503 1483 530 ea
1526 492 1578 530 de
1615 505 1744 532 causa

107 550 342 601 excogitata
378 562 472 590 esse
507 552 694 603 videtur,
736 555 783 605 ut
812 555 908 603 apte
937 554 1173 604 Thebanis,
1216 567 1311 594 cum
1342 567 1387 594 se
1417 557 1505 606 regi
1533 557 1745 597 dedidisse

106 615 366 665 dicerentur,
409 616 543 655 subici
578 620 753 666 possent
782 618 885 658 haec
913 619 1063 658 verba:
1103 618 1165 663 ὡς
1196 619 1268 659 ὑπ’
1294 619 1524 673 ἀναγκαίης
1551 621 1744 674 ἐχόμενοι

106 678 149 724 ἐς
190 677 472 732 Θερμοπύλας
513 681 732 722 ἀπικοίατο
776 683 886 735 (cap.
932 684 1044 734 233).
1092 686 1193 723 Mihi
1224 687 1339 725 nulla
1368 689 1482 726 extat
1510 687 1739 738 dubitatio,

106 746 209 795 quin
252 746 369 796 prior
411 747 580 786 traditio
624 760 723 787 vera
766 749 832 788 sit.
883 749 927 788 Si
970 751 1037 789 cui
1081 752 1221 789 tamen
1264 763 1408 790 errare
1452 752 1597 791 videar
1634 753 1742 791 duas

105 811 353 850 traditiones
380 804 495 862 apud
525 813 789 852 Herodotum
819 815 969 854 adesse
998 818 1140 865 ratus,
1172 817 1209 855 ei
1234 817 1509 855 nihilominus
1535 818 1742 857 reicienda

104 876 183 915 erit
211 877 401 916 narratio
429 878 481 916 de
510 878 724 917 Thebanis
753 880 898 918 invitis
928 881 1157 920 Leonidam
1187 882 1362 920 secutis:
1393 882 1508 931 quod
1537 883 1572 920 si
1595 895 1742 922 revera

104 941 264 981 factum
300 945 434 992 esset,
476 943 622 983 fabula
660 956 895 994 numquam
931 949 1042 985 esset
1071 949 1170 985 nata
1199 959 1271 985 eos
1301 946 1350 987 in
1378 959 1559 986 summo
1587 959 1743 988 rerum

105 1004 373 1047 discrimine
398 1008 568 1047 obsides
597 1021 692 1048 esse
720 1012 906 1049 retentos
921 1010 990 1061 27).

156 1071 313 1110 Verum
342 1074 610 1122 perspexisse
640 1074 742 1113 mihi
772 1075 972 1114 videntur
1001 1072 1129 1115 Grote
1157 1077 1215 1115 1.1.
1250 1089 1291 1115 n.
1325 1077 1348 1115 2
1377 1079 1417 1115 et
1447 1078 1565 1127 Bury
1595 1090 1635 1127 p.
1669 1078 1740 1117 99:

103 1147 189 1175 non
226 1137 269 1175 id
307 1137 635 1177 fundamentum
671 1151 767 1178 esse
806 1141 1063 1179 narrationis
1102 1141 1327 1180 Thebanos
1365 1141 1535 1182 invitos
1563 1154 1740 1182 reman-

101 1198 235 1250 sisse,
277 1202 392 1251 quod
431 1200 568 1242 inviti
606 1204 833 1242 Leonidam
873 1206 1005 1244 secuti
1043 1209 1206 1255 essent,
1250 1207 1323 1245 sed
1361 1208 1474 1256 quod
1513 1211 1608 1257 post
1637 1211 1740 1248 cete-

102 1277 247 1306 rarum
291 1263 481 1318 gentium
524 1268 760 1308 discessum
803 1269 1143 1310 remansissent.
1204 1272 1447 1321 Numquam
1490 1274 1601 1311 enim
1643 1286 1740 1312 cum

102 1331 292 1371 Thebani
342 1344 480 1372 anno·
506 1333 745 1383 insequenti
796 1336 1026 1374 Persarum
1075 1337 1267 1376 faverent
1315 1338 1536 1387 partibus,
1592 1338 1740 1378 Graeci

101 1397 343 1437 calumniati
381 1401 545 1449 essent,
588 1400 702 1448 quod
740 1400 798 1438 illi
837 1401 999 1450 patriae
1028 1402 1266 1451 proditores
1294 1403 1377 1441 iam
1408 1403 1451 1441 in
1481 1403 1739 1454 Thermopy-

100 1461 230 1501 lensis
267 1474 438 1514 pugnae
475 1475 644 1503 summo
682 1465 926 1505 discrimine
963 1466 1110 1506 coacti
1146 1468 1473 1517 remansissent,
1516 1469 1598 1506 nisi
1626 1471 1739 1507 certo

101 1527 257 1567 certius
294 1529 553 1568 constitisset
591 1541 662 1568 eos
702 1542 850 1569 revera
889 1532 1118 1570 Leonidam
1154 1533 1348 1571 deserere
1378 1533 1577 1572 noluisse.
1625 1534 1739 1583 Ergo

100 1591 403 1643 quadringenti
426 1595 615 1634 Thebani
645 1596 791 1634 eadem
821 1597 950 1634 animi
976 1597 1224 1636 fortitudine
1248 1598 1535 1637 imminentem
1560 1604 1737 1638 mortem

100 1659 345 1707 expectasse
373 1660 573 1698 censendi
603 1663 704 1699 sunt
733 1663 861 1710 atque
888 1661 1128 1711 Spartiatae
1152 1663 1325 1701 trecenti
1351 1665 1390 1701 et
1415 1663 1585 1702 ducenti
1610 1663 1737 1702 Thes·

100 1722 282 1772 pienses.
337 1724 447 1762 Num
481 1725 707 1764 verisimile
735 1728 798 1764 est
827 1726 932 1764 tales
963 1727 1077 1765 viros
1108 1727 1243 1765 media
1273 1727 1315 1765 in
1347 1739 1490 1777 pugna
1521 1740 1566 1766 se
1596 1728 1738 1766 Persis

99 1787 318 1827 dedituros
356 1789 524 1828 fuisse?
568 1790 661 1829 Non
697 1790 906 1829 dubitavit
941 1791 1090 1840 Grote,
1134 1792 1235 1839 quin
1268 1793 1345 1830 hac
1375 1792 1418 1830 in
1449 1805 1494 1831 re
1523 1793 1738 1832 Herodoto

98 1851 227 1891 fidem
256 1853 428 1892 haberet
442 1854 510 1904 ⁴2⁸).
547 1854 630 1893 Sed
658 1855 776 1905 Bury
793 1855 846 1905 2⁰)
875 1859 985 1894 recte
1011 1857 1115 1895 vidit
1142 1857 1428 1895 narrationem
1454 1858 1506 1896 de
1529 1858 1739 1897 deditione

7 1953 31 1972 ι,
99 1927 233 1967 aeque
273 1930 351 1968 pro
393 1920 605 1959 calumnia
643 1931 738 1959 esse
775 1921 1037 1971 habendam,
1085 1922 1119 1960 si
1158 1933 1245 1960 sua
1281 1923 1444 1973 sponte
1482 1923 1738 1962 remansisse

99 1981 323 2023 Thebanos
352 1985 698 2024 constituendum
727 1988 838 2024 esset
853 1984 922 2036 30).

140 2135 188 2178 ²7)
236 2138 283 2171 Ea
305 2139 348 2171 de
372 2149 479 2171 causa
503 2140 660 2181 Ephorea
684 2151 826 2182 quoque
853 2151 875 2172 1
870 2142 959 2182 ιῑίο,
985 2142 1180 2174 secundnm
1205 2152 1312 2184 quam
1336 2143 1441 2175 lheb
1444 2153 1491 2174 1111
1512 2153 1591 2175 cum
1613 2143 1739 2174 ceteris

4 2177 41 2243 :⁸⁴
97 2193 231 2227 abeunt
253 2195 522 2238 Spartiataeque
547 2199 655 2238 atque
679 2197 911 2238 Thespienses
935 2197 997 2228 soli
1023 2203 1224 2230 remanent.
1251 2209 1318 2230 non
1340 2199 1518 2240 probanda
1535 2203 1596 2231 est.
1624 2202 1687 2237 Qu
1689 2209 1736 2231 nn

6 2248 37 2291 J.
97 2254 307 2292 aeceperunt
330 2250 513 2284 Wecklein
538 2252 574 2284 in
600 2254 777 2294 [)1··aeclaia
801 2254 1098 2286 commentatione
1122 2242 1227 2286 ‘Uber
1244 2255 1298 2286 dic
1314 2254 1495 2286 ffilnadition
1519 2255 1579 2287 der
1600 2255 1736 2287 l’erser-

5 2311 43 2357 ;
98 2305 226 2348 kriege'
258 2306 362 2340 Sitzb.
395 2307 538 2340 Mi'mch.
571 2308 634 2340 Ak.
668 2307 756 2340 1871)
782 2307 918 2350 μ.309,
954 2309 1038 2342 Mor.
1073 2309 1217 2342 Miiller.
1251 2311 1559 2343 1ιο5υΙι.’115κ31)ειι
1586 2321 1649 2342 von
1675 2311 1735 2342 der

97 2361 381 2405 Einwanderung
403 2364 466 2397 der
492 2364 628 2397 Roioter
653 2365 704 2396 bis
729 2375 789 2396 zur
813 2365 980 2398 Selilacht
1005 2366 1058 2398 bei
1087 2344 1255 2398 Koroneia
1280 2367 1366 2406 (diss⁸
1399 2368 1516 2408 inang.
1532 2367 1620 2408 Lips.
1639 2366 1735 2404 ¹879)

26 2432 43 2449 s
121 2442 130 2452 .
152 2418 205 2452 40.

20 2455 54 2526 ξ’.
98 2427 119 2460 p
139 2473 187 2516 2⁸)
232 2475 339 2509 Grote
371 2487 402 2518 p.
426 2476 487 2509 9⁶2:
521 2475 592 2509 ‘the
615 2477 779 2510 Thebans
805 2479 982 2510 remained
1010 2478 1052 2519 by
1080 2479 1174 2510 their
1197 2489 1274 2510 own
1300 2480 1385 2510 oll'er
1411 2504 1416 2510 .
1445 2505 1449 2510 .
1478 2503 1483 2510 .
1511 2504 1516 2510 .
1545 2479 1607 2510 bnt.
1634 2479 1734 2511 when*

34 2539 58 2571 '2-
97 2531 158 2565 the
182 2536 339 2566 moment
361 2533 399 2566 οῖ
419 2535 538 2566 actual
561 2534 660 2566 crisis
683 2535 839 2575 arrived,
864 2535 957 2566 their
981 2545 1132 2576 courage
1159 2540 1219 2567 not
1243 2536 1409 2575 standing
1432 2546 1468 2567 so
1496 2536 1571 2567 lirun
1599 2546 1637 2566 as
1659 2536 1736 2567 that

1 2583 39 2611 ῗ
95 2587 135 2621 of
155 2589 214 2622 the
237 2588 407 2631 Spartans
430 2589 496 2622 and
523 2590 734 2632 Thespians,
765 2591 849 2633 they
875 2592 1118 2623 endeavoured
1146 2596 1181 2623 to
1206 2602 1286 2623 save
1314 2592 1407 2623 their
1431 2592 1516 2636 livef
1543 2592 1586 2633 by
1614 2592 1735 2631 taking

95 2645 206 2678 aedit
229 2646 282 2678 sor
307 2646 475 2688 medisin,
499 2647 567 2679 und
594 2647 801 2689 pretending
825 2651 860 2679 to
886 2649 972 2679 have
998 2648 1084 2679 been
1111 2648 1256 2689 sorcibly
1283 2648 1444 2680 domium}
1473 2648 1516 2689 by
1542 2648 1730 2680 Leonidas'.

1 2694 209 2746 ijssaenelcit
229 2705 350 2734 autem
377 2712 406 2744 p.
419 2702 464 2734 95
488 2703 726 2735 narrationem
751 2704 794 2735 de
818 2704 994 2744 stigmatis
1018 2704 1163 2736 inustis:
1188 2703 1252 2736 ‘we
1272 2715 1352 2746 may
1374 2704 1576 2746 reuscnnbly
1597 2705 1735 2736 dismiss

97 2755 158 2790 the
187 2761 283 2800 story
315 2759 354 2791 os
384 2759 454 2791 this
485 2759 723 2801 ignominious
756 2759 948 2801 branding,
980 2771 1017 2792 us
1049 2771 1092 2792 an
1127 2761 1305 2792 invention
1336 2762 1373 2792 οΙ“
1395 2761 1473 2793 that
1497 2765 1618 2801 strong
1641 2762 1733 2792 anti-

95 2811 237 2846 'rhaban
262 2814 393 2857 feeling
417 2815 532 2847 which
558 2815 731 2857 prevailed
758 2816 792 2847 in
818 2814 948 2847 Greece
974 2816 1065 2848 nster
1089 2817 1148 2847 tlic
1175 2817 1312 2857 repulse
1337 2817 1375 2848 of
1401 2817 1549 2848 xerxes:

138 2866 186 2909 ²⁹)
232 2870 326 2913 Bury
363 2870 501 2913 p.100:
537 2870 578 2903 ‘if
611 2882 661 2904 we
698 2877 818 2913 accept
852 2873 913 2904 the
950 2872 1142 2913 desertion,
1181 2874 1260 2914 why
1294 2873 1417 2904 should
1453 2883 1503 2904 we
1537 2873 1643 2912 reject
1675 2872 1733 2904 tlw

97 2922 291 2967 bunding?
327 2952 333 2959 .
360 2952 366 2959 .
393 2952 399 2959 .
427 2953 434 2960 .
469 2938 519 2960 we
551 2932 680 2961 cannot
712 2928 810 2960 avoid
842 2929 1030 2969 regarding
1055 2929 1113 2961 the
1138 2929 1246 2960 whole
1272 2930 1341 2961 lale
1364 2940 1401 2961 as
1426 2939 1469 2961 an
1497 2929 1674 2960 invention
1699 2929 1737 2959 os

53 2983 62 3024 J?
95 2976 238 3024 “strong
268 2983 507 3016 anti-Thebai}
543 2984 693 3026 feeling''
727 3001 768 3006 -—
802 2994 821 3016 u
855 2986 925 3016 tale
958 2985 1028 3016 told
1066 2985 1148 3016 with
1182 2985 1322 3026 spitesnl
1358 2987 1514 3026 {bivuslll'ss
1540 2990 1576 3016 ut
1600 2985 1733 3016 Athens

95 3037 183 3080 and,
205 3038 405 3082 doubtless‚
430 3044 467 3073 at
490 3040 615 3082 Sparta
642 3041 720 3073 too’.

101 3134 107 3145 Ι
138 3090 186 3134 m)
230 3094 316 3128 Mire
341 3105 413 3129 rem
440 3098 621 3139 proposuit
646 3097 838 3138 Hauvette,
863 3096 1066 3138 ‘llerodote‚
1093 3097 1259 3129 historien
1286 3097 1346 3128 des
1371 3107 1514 3138 guerras
1541 3096 1721 3138 nn'ediques
