2072 3568
860 213 935 258 109
1157 182 1160 185 ’
1483 215 1508 267 g
1540 215 1612 266 60,
1648 214 1710 255 61.

135 345 161 400 ξ
182 347 246 387 61.
293 344 362 386 De
380 343 538 386 ceteri-s·
557 342 913 396 epiyrammatis
933 342 1063 394 apud
1082 340 1339 382 Aristidem
1360 340 1517 381 obviis.
1566 342 1644 391 Ep.
1665 341 1715 380 97

0 432 5 458 3
80 413 366 462 Corinthium,
400 412 515 461 quod
544 422 641 449 cum
671 410 714 448 in
743 409 852 448 trad.
882 409 916 447 A
947 408 1076 459 (quae
1100 420 1152 447 ex
1177 407 1492 447 Corinthiorum
1522 408 1714 457 apologia

0 460 9 507 Ϊ-
78 490 154 528 per
191 479 412 528 Ephorum
449 477 493 514 in
533 475 749 513 Plutarchi
786 474 858 512 lib.
897 474 938 512 d.
979 474 1033 512 H.
1067 485 1122 512 m.
1156 472 1207 512 39
1245 473 1456 522 manavit,
1499 473 1550 511 cf.
1588 472 1613 523 ἓ
1644 472 1713 523 29)

78 545 168 583 tum
205 544 249 582 in
288 543 396 582 trad.
441 541 470 580 S
512 540 581 591 (ex
619 540 792 589 Ephoro
830 539 1046 589 integrum
1085 551 1109 577 a
1149 538 1379 578 collectore
1415 538 1711 587 desumptum,

77 609 160 647 ΑΡ.
184 608 278 646 VII.
307 607 385 646 250
417 606 648 646 Simonidis
678 605 849 644 nomine
876 603 992 654 orn.)
1024 605 1103 643 hoc
1131 616 1219 642 uno
1247 604 1428 642 disticho
1457 604 1713 642 absolvitur:

292 671 432 723 ἀκμᾶς
461 670 681 711 ἑστακυῖαν
710 668 776 710 ἐπὶ
802 670 936 728 ξυροῦ
961 667 1138 708 Ἐλλάδα
1167 670 1306 708 πᾶσαν

344 739 430 781 ταῖς
457 735 598 776 αὑτῶν
625 737 784 787 ψυχαῖς
811 733 990 786 κείμεθα
1020 733 1269 786 ῥυσάμενοι,

78 804 120 842 id
155 803 271 854 apud
299 803 526 841 Aristidem
555 802 740 840 duorum
769 801 1049 840 distichorum
1078 800 1365 838 additamento
1393 800 1621 838 adauctum
1651 802 1716 838 est

81 868 236 920 (primo
264 868 444 907 disticho
472 868 515 906 in
544 867 770 906 dialectum
800 866 989 904 Ionicam
1019 862 1266 914 converso):

292 931 571 984 δουλοσύνης·
601 929 788 983 Πέρσαις
817 929 862 970 δὲ
890 928 984 981 περὶ
1013 927 1136 980 φρεσὶ
1163 928 1334 981 πήματα
1364 927 1496 968 πάντα

344 998 535 1051 ἥψαμεν,
565 996 772 1049 ἀργαλέης
798 995 997 1048 μνήματα
1026 993 1273 1047 ναυμαχίης.

165 1064 184 1093 5
291 1062 413 1118 ὀστέα
443 1062 481 1103 δ’
514 1061 614 1115 ἧμιν
642 1062 725 1115 ἔχει
753 1060 966 1112 Σαλαμίς·
996 1059 1143 1111 πατρὶς
1172 1058 1217 1099 δὲ
1245 1057 1463 1110 Κόρινθος

345 1127 434 1167 ἀντ’
466 1126 701 1179 εὐεργεσίης
729 1125 863 1179 μνῆμ’
896 1124 1082 1177 ἐπέθηκε
1110 1123 1217 1164 τόδε.

62 1194 151 1233 .Vel
195 1194 514 1244 epigrammatis
559 1193 799 1232 traditionis
846 1192 1022 1231 historia
1069 1192 1189 1230 docet
1235 1192 1415 1230 formam
1464 1192 1716 1231 Aristideam

78 1271 173 1299 esse
201 1260 493 1308 recentiorem3
525 1261 671 1298 errant
699 1270 823 1308 ergo,
856 1258 931 1307 qui
960 1258 1238 1296 Plutarchum
1268 1260 1396 1306 atque
1419 1257 1714 1307 Anthologiam

78 1325 339 1375 epigramma
375 1324 545 1363 duobus
584 1324 776 1362 distichis
805 1323 1073 1362 decurtatum
1102 1323 1279 1362 laudare
1308 1324 1457 1372 putent
1485 1321 1552 1372 47).
1600 1323 1718 1361 Adde

79 1390 193 1439 quod
221 1390 321 1428 talia
350 1389 645 1439 supplementa
674 1389 718 1427 in
743 1388 1062 1438 epigrammatis
1088 1399 1164 1437 per
1183 1399 1230 1426 se
1249 1388 1375 1438 paulo
1395 1388 1716 1427 obscurioribus

79 1455 193 1494 haud
232 1457 334 1494 sunt
371 1455 539 1493 insolita
567 1453 636 1504 48).
680 1454 822 1492 Huius
861 1454 992 1503 panni
1031 1455 1172 1492 autem
1211 1465 1296 1492 non
1334 1454 1478 1491 eadem
1517 1455 1581 1492 est
1611 1455 1717 1492 ratio

78 1522 206 1570 atque
233 1521 347 1570 eius,
380 1531 507 1569 quem
536 1520 713 1570 gemello
740 1519 1037 1569 epigrammati
1066 1518 1136 1558 96:

292 1582 330 1624 ὦ
360 1584 470 1631 ξένε,
499 1583 681 1635 εὔυδρον
709 1583 803 1623 ποτ’
837 1582 1029 1635 ἐναίομεν
1057 1582 1158 1623 ἄστυ
1188 1581 1408 1635 Κορίνθου

344 1653 419 1690 νῦν
448 1648 489 1689 δ’
522 1648 600 1701 ἅμ’
632 1648 812 1693 Αἴαντος
839 1651 967 1693 νᾶσος
995 1648 1077 1700 ἔχει
1105 1646 1296 1700 Σαλαμίς

79 1718 276 1756 assutum
304 1727 400 1756 esse
427 1716 613 1755 vidimus
645 1714 691 1767 (ξ
723 1714 814 1765 34);

292 1780 447 1822 ἐνθάδε
481 1779 703 1825 Φοινίσσας
731 1783 835 1833 νῆας
863 1779 934 1820 καὶ
964 1778 1135 1831 Πέρσας
1163 1778 1323 1823 ἑλόντες

344 1846 415 1887 καὶ
443 1845 628 1899 Μήδους
656 1845 772 1898 ἱερὰν
795 1845 973 1886 Ἑλλάδα
1003 1844 1243 1897 ῥυσάμεθα.

80 1913 173 1952 Hoc
221 1914 334 1952 enim
380 1915 658 1963 augmentum
698 1912 1016 1952 Corinthiacum
1054 1914 1139 1961 est,
1187 1912 1291 1950 illud
1329 1913 1469 1950 autem
1509 1912 1654 1960 postea
1693 1922 1717 1949 a

81 1979 247 2017 rhetore
276 1979 417 2018 nescio
445 1991 531 2028 quo
560 1979 752 2018 affictum
781 1980 845 2018 est
862 1977 931 2028 49).
966 1979 1057 2017 Iam
1089 1978 1246 2027 videte,
1281 1977 1396 2026 quali
1416 1978 1455 2015 et
1475 1988 1602 2026 quam
1625 1978 1718 2014 arto

80 2044 250 2083 vinculo
278 2045 381 2084 haec
409 2045 695 2084 additamenta
725 2045 1118 2094 epigrammataque
1137 2043 1230 2092 ipsa
1251 2043 1361 2081 inter
1381 2053 1427 2081 se
1446 2042 1712 2080 cohaereant.

80 2109 276 2148 Materies
304 2111 549 2160 appendicis
578 2109 896 2160 epigrammatis
925 2109 976 2148 96
1006 2109 1133 2158 petita
1158 2110 1221 2147 est
1246 2119 1298 2146 ex
1323 2107 1486 2158 gemelli
1512 2107 1645 2145 nostri
1666 2107 1716 2145 97

80 2174 216 2214 forma
245 2176 431 2226 genuina
463 2174 509 2226 (ξ
531 2174 622 2226 34);
654 2175 783 2214 huius
812 2174 1130 2224 epigrammatis
1161 2185 1365 2212 versuum
1393 2172 1715 2211 subditiciorum

80 2242 228 2279 auctor
265 2252 419 2279 rursus
454 2253 519 2290 ep.
552 2240 603 2280 96
633 2241 827 2279 adhibuit
846 2238 915 2289 50).
958 2240 1149 2279 Proelive
1177 2239 1214 2277 ei
1242 2240 1332 2278 erat
1362 2240 1586 2277 annectere
1615 2249 1716 2275 suos

81 2316 233 2344 versus
262 2306 440 2345 miseros
470 2306 602 2345 nitido
630 2306 807 2344 carmini
838 2305 1040 2355 primario
1069 2305 1148 2354 ita,
1182 2306 1228 2343 ut
1257 2315 1353 2343 cum
1385 2303 1515 2341 verbo
1540 2301 1717 2353 ῥύεσθαι

0 1162 9 1407 -υτκμι-ιτ-ο-ηυ-ιυκωψικ-
0 1100 5 1146 -vwv
1 1085 2 1088 „
3 1069 5 1075 <
0 1020 3 1023 ¹
0 991 3 993 ·
0 925 9 953 ’a‘
0 897 1 900 Α
0 847 5 851 ⁴
1 833 4 834 ¹
0 806 3 810 ·
0 786 4 794 ··
0 731 5 777 ww„
0 686 4 700 «-

123 2476 171 2519 47)
217 2476 349 2519 Bergk,
386 2477 577 2518 Hauvette‚
612 2477 737 2519 Sitzler
775 2477 872 2509 Burs.
907 2476 958 2508 Jb.
995 2475 1070 2509 104.
1107 2475 1195 2508 1900
1227 2473 1365 2516 p.131‚
1401 2474 1642 2507 Stadtmijller.
1675 2492 1717 2496 —-

83 2534 210 2576 Preger
233 2534 421 2575 posteriora
447 2534 597 2566 disticha
620 2543 704 2566 sane
729 2533 864 2574 reiecit,
893 2533 950 2564 sed
977 2533 1048 2574 ipse
1074 2542 1202 2564 novum
1229 2532 1380 2563 aiterum
1407 2531 1579 2563 distichon
1607 2530 1717 2563 linxit.

124 2588 172 2630 ⁴8)
217 2589 292 2622 Vid.
318 2589 498 2622 Wilhelmi
532 2593 640 2631 atque
673 2589 862 2621 Bormanni
895 2589 1108 2630 scriptiones.
1144 2588 1195 2620 Cf.
1221 2598 1272 2629 ep.
1297 2586 1360 2619 107
1386 2585 1403 2624 ξ
1427 2586 1491 2618 137
1517 2597 1550 2619 n.
1575 2585 1606 2619 8.
1645 2587 1718 2618 {lue

83 2655 152 2678 non
175 2646 398 2678 referendum
426 2649 480 2678 est
502 2655 555 2687 ep.
581 2645 664 2687 150,
694 2646 737 2678 cf.
761 2644 777 2685 ἓ
801 2644 855 2677 91.

124 2701 172 2743 49)
218 2702 471 2735 Schwartzium
505 2702 636 2734 iniuria
668 2702 774 2734 huius
805 2701 1070 2743 epigrammatis
1093 2701 1378 2732 additamentum
1403 2699 1572 2732 Corintho
1596 2700 1717 2731 oriun-

82 2758 166 2793 dum
200 2759 375 2800 putavisse
406 2759 477 2791 iam
510 2759 633 2791 monui
664 2757 681 2798 ἓ
704 2757 748 2790 29
774 2769 805 2790 n.
829 2757 873 2790 25
897 2758 973 2790 coll.
998 2755 1014 2797 ἓ
1038 2755 1091 2789 34.
1125 2774 1167 2779 -
1207 2757 1294 2788 Fieri
1320 2760 1451 2797 potest,
1486 2759 1525 2787 ut
1550 2756 1718 2787 Aristides

83 2814 155 2856 ipse
187 2825 246 2857 pro
277 2815 354 2847 eius
385 2818 527 2848 auctore
561 2815 744 2848 habendus
775 2815 839 2856 sit,
871 2815 913 2847 ef.
946 2824 994 2845 or.
1026 2813 1079 2846 26.
1112 2812 1171 2845 331
1203 2823 1233 2854 p.
1259 2812 1324 2844 515
1351 2813 1468 2853 Dind.,
1503 2813 1559 2843 uhi
1585 2816 1620 2843 et
1644 2813 1716 2852 epi-

82 2880 241 2913 gramma
272 2871 386 2913 (Preg.
410 2871 490 2912 137)
521 2872 660 2912 laudat,
692 2871 784 2913 quod
812 2871 846 2902 in
872 2871 1016 2902 donario
1041 2870 1246 2910 Aesculapio
1271 2869 1428 2901 dedicato
1454 2868 1715 2900 inscribendum

83 2926 155 2968 ipse
174 2927 339 2968 condidit,
359 2932 396 2959 et
416 2928 656 2969 fragmentum
680 2927 953 2969 epigrammatis,
973 2926 1064 2967 qnod
1090 2926 1185 2966 prius
1208 2926 1288 2957 huic
1309 2925 1451 2956 donario
1472 2925 1715 2955 destinaverat.

126 2981 173 3023 5⁰)
221 2984 278 3026 Ep.
302 2983 344 3016 97
371 2987 550 3026 praeterea
577 2987 784 3025 usurpatum
811 2986 865 3015 est
888 2982 931 3014 ab
955 2986 1099 3013 auctore
1123 2991 1175 3022 ep.
1200 2980 1411 3012 Corinthiaci
1436 2979 1479 3010 98
1503 2979 1561 3019 (cs.
1587 2979 1603 3019 ἓ
1627 2980 1717 3016 139).

8 3034 22 3075 ἶ
83 3040 175 3082 quod
214 3050 336 3073 rursus
370 3041 498 3073 imitati
532 3044 616 3072 sunt
652 3043 813 3072 auctores
847 3049 899 3079 ep.
938 3038 1030 3079 l‘epli
1066 3037 1109 3069 13
1144 3036 1202 3076 (cs.
1239 3036 1254 3073 ‚S
1289 3035 1370 3074 4⁶23)
1406 3034 1716 3077 etep.Sin·1.108

17 3085 32 3143 ζ’
84 3094 311 3138 (Mnasateas,
335 3097 377 3129 es.
402 3095 419 3137 ἓ
443 3095 532 3137 128).

0 2701 25 2781 stiffi-33
0 2659 22 2701 W
0 2490 22 2657 ‘'ffffisssw
9 2523 19 2540 ἐν
10 2501 22 2513 ’Ἰ
9 2491 10 2494 Α
0 1733 25 2484 3733„15-vw392<3v-uu-...a-ovjo-m--ae-s-nm-ranamvar-wnffipnavr-:Q
0 1468 19 1722 ‹carmena-nrm
13 1552 17 1554 ι
16 1494 19 1502 μ
0 1409 10 1465 ’ἐι-υνν-

9 2910 22 2919 r
10 2896 15 2904 -
0 2765 28 2879 ζ
24 2754 26 2756 ⁴
