2072 3568
886 206 962 245 133
1509 206 1534 258 g
1564 207 1640 256 77,
1672 207 1736 246 78.

11 310 63 386 3⁴}
104 332 285 372 videtur.
341 331 541 370 Fortasse
582 342 690 368 usus
732 332 796 369 est
838 330 1015 380 antiquo
1056 331 1358 370 commentario
1401 331 1650 381 Pindarico,
1697 332 1739 370 in

30 390 45 438 Jvr
105 409 191 448 quo
231 408 295 447 ep.
335 396 379 435 in
426 395 635 445 Sogenem
677 395 730 434 ad
773 396 890 434 Nem.
932 396 1026 434 VII.
1071 396 1119 445 1,
1166 408 1230 445 ep.
1274 396 1317 434 in
1356 396 1648 446 Theognetum
1687 397 1740 435 ad

106 462 228 514 Pyth.
259 461 378 500 VIII.
412 461 484 510 35,
518 460 591 499 ubi
620 460 712 499 eius
743 460 917 500 victoria
946 461 1160 510 laudatur,
1194 461 1425 500 adductum
1455 461 1595 500 fuerit.

602 615 664 655 16.
727 623 933 655 sononia
962 623 1238 655 PLATONICA.

8 756 39 779 t<
158 739 184 792 ξ
217 740 279 779 78.
340 739 407 780 De
443 751 510 790 ep.
549 738 645 779 160
680 737 732 779 in
770 718 1097 791 Polyynotum.
1158 739 1264 785 Quis
1294 740 1420 778 fuerit
1449 740 1623 790 artifex,
1666 740 1739 789 qui

102 806 234 846 frater
273 807 386 845 esset
421 805 736 855 Aristophontis
772 805 1078 855 Aglaophontis
1116 805 1191 843 filii
1231 804 1377 855 (Gorg.
1411 805 1489 844 448
1524 803 1595 855 b),
1642 817 1739 844 cum

104 871 290 911 Platonis
318 871 494 911 lectores
524 871 750 910 resciscere
778 872 952 920 possent
980 882 1032 909 ex
1062 871 1165 909 Ione
1193 870 1270 910 332
1299 882 1343 920 e,
1384 871 1498 909 haud
1527 871 1739 909 erraveris

28 940 50 955 ”
102 937 364 976 constituens
393 936 602 986 scholion,
635 936 761 986 quale
789 936 1023 975 habeamus
1052 936 1107 975 ad
1135 936 1254 974 illum
1282 936 1421 974 locum
1447 933 1570 979 οὗτος
1594 933 1737 974 Πολύ-

2 1007 11 1052 'j
26 1020 43 1043 .;
103 1015 262 1054 γνωτος
283 999 487 1051 ἐκαλεῖτο,
511 1002 597 1040 iam
618 1002 662 1040 in
683 1001 871 1051 antiquis
893 1001 1206 1040 commentariis
1228 1001 1416 1039 extitisse
1437 1003 1564 1050 atque
1584 1013 1636 1039 ex
1657 1001 1738 1040 illis

101 1068 367 1118 pervenisse,
409 1068 457 1106 ut
494 1067 662 1106 videtur
698 1078 774 1116 per
802 1066 1175 1116 Olympiodorum‚
1218 1066 1261 1104 in
1291 1067 1437 1104 nostra
1470 1066 1637 1105 Scholia
1664 1065 1733 1116 98).

102 1132 324 1172 Difficilius
362 1132 476 1172 dictu
514 1133 601 1182 est,
643 1132 758 1170 unde
794 1131 922 1181 petita
952 1131 1037 1170 sint
1066 1131 1218 1181 verba,
1260 1143 1370 1180 quae
1397 1131 1479 1170 illis
1507 1131 1550 1169 in
1581 1132 1738 1170 scholio

9 1201 58 1255 ἐξ
101 1198 417 1248 adiunguntur:
461 1194 512 1237 οὗ
550 1196 594 1236 ἓν
632 1194 811 1249 Δελφοῖς
848 1195 872 1248 ἠ
909 1194 1135 1248 θαυμαστὴ
1167 1195 1332 1248 γραφή,
1370 1193 1398 1248 ᾗ
1427 1195 1736 1247 ἐπιγέγραπται·

9 1263 62 1310 ζ’
101 1274 189 1314 seq.
215 1275 280 1313 ep.
311 1262 388 1303 160
415 1274 693 1313 anonymum.
726 1262 850 1308 Quod
879 1263 916 1301 si
945 1262 1152 1301 sciremus
1176 1283 1224 1289 -
1245 1262 1481 1311 Plutarchi,
1514 1262 1588 1311 qui
1612 1262 1736 1300 etiam

10 1354 37 1368 ..ι
100 1340 165 1379 ep.
198 1340 461 1379 anonymum
493 1327 619 1379 (trad.
644 1327 696 1379 A)
727 1328 897 1367 exhibet
925 1328 978 1367 de
1005 1327 1088 1367 def.
1113 1327 1276 1366 or.436
1306 1339 1352 1377 a,
1385 1327 1543 1366 fontem
1565 1339 1632 1366 me
1652 1339 1737 1366 non

101 1394 237 1445 magis
265 1394 452 1433 indicare
479 1405 606 1443 posse
633 1394 717 1432 iam
747 1393 893 1432 monui
924 1391 950 1444 ἓ
977 1393 1025 1433 51
1052 1415 1116 1443 --,
1149 1393 1332 1432 fortasse
1351 1392 1550 1432 constitui
1570 1394 1732 1441 posset,

37 1471 54 1497 ἡ
100 1471 151 1500 ex
170 1471 256 1509 quo
276 1461 449 1499 auctore
468 1459 674 1499 Collector
693 1459 955 1509 epigramma
976 1459 1179 1508 receperit
1197 1458 1241 1496 in
1265 1458 1479 1508 Syllogen,
1507 1457 1737 1496 Simonidis

34 1526 41 1543 ³
100 1524 212 1564 enim
242 1536 338 1564 cum
369 1524 539 1563 nomine
566 1536 618 1563 ex
648 1524 814 1564 Corona
843 1524 938 1563 Mel.
974 1523 1044 1575 (cf.
1081 1523 1106 1575 ξ
1138 1523 1207 1574 65)
1237 1524 1392 1574 legitur
1420 1535 1485 1573 ep.
1518 1523 1561 1561 in
1591 1523 1735 1562 eodem

41 1601 44 1603 ’
100 1590 217 1629 textu
247 1590 374 1629 Paus.
403 1590 453 1629 X.
481 1590 547 1629 27.
576 1590 600 1628 4
629 1591 670 1629 et
698 1590 781 1628 ΑΡ.
806 1590 878 1628 ΙΧ.
905 1589 993 1628 700.
1028 1589 1138 1628 Fieri
1167 1590 1326 1639 potest,
1359 1590 1406 1627 ut
1435 1589 1538 1628 haec
1567 1600 1737 1638 quoque¹

42 1683 54 1698 η,
99 1655 412 1695 animadversio
432 1655 604 1694 affuerit
623 1655 666 1694 in
687 1655 874 1705 antiquis
895 1655 1207 1694 commentariis
1231 1654 1476 1702 Platonicis;
1507 1666 1558 1692 ex
1578 1654 1736 1703 quibus

41 1755 44 1758 ,
99 1721 360 1772 epigramma
388 1721 629 1760 innotuisse
657 1720 885 1760 conieceris
915 1720 1190 1770 Philostrato,
1224 1720 1297 1769 qui
1328 1719 1399 1758 vit.
1429 1719 1561 1769 Apoll.
1589 1720 1660 1758 VI.
1687 1719 1733 1758 11

99 1785 155 1826 ad
181 1786 225 1825 id
253 1786 414 1826 alludit.

38 1886 48 1894 ,
102 1848 105 1851 ’
153 1851 260 1892 Cum
298 1851 456 1891 scholio
494 1852 710 1891 Platonico
748 1853 928 1902 cognata
965 1853 1029 1890 est
1066 1873 1118 1879 —
1156 1850 1369 1900 quomodo
1408 1861 1508 1888 vero
1540 1849 1734 1899 equidem

33 1945 36 1949 -
100 1915 172 1956 vix
205 1917 473 1957 *constituere
519 1917 656 1956 ausim
705 1917 748 1955 in
796 1919 913 1956 tanta
961 1916 1152 1955 virorum
1199 1915 1534 1955 clarissimorum
1581 1914 1735 1953 Naberi

7 2041 9 2043 q
31 1970 57 2019 ῖζ
102 1979 240 2032 (Phot.
265 1982 300 2021 Ι.
325 1982 374 2022 54
401 1981 516 2032 sqq.)
543 1984 671 2032 atque
695 1981 845 2021 Cohnii
872 1981 1058 2032 (Unters.
1083 1981 1190 2020 iiber
1213 1981 1280 2020 die
1304 1980 1479 2025 Quellen
1504 1980 1579 2018 der
1600 1979 1735 2018 Plato-

39 2045 46 2062 *
102 2046 320 2098 Scholien,
353 2048 414 2087 Fl.
441 2047 513 2087 Jb.
546 2047 695 2098 Suppl.
726 2047 805 2086 Bd.
830 2047 949 2086 XIII.
976 2047 1091 2086 1882.
1118 2046 1193 2086 783
1219 2045 1334 2096 sqq.)
1366 2045 1655 2085 controversia
1684 2045 1736 2084 de

44 2099 53 2141 ’ἶ
99 2112 253 2152 horum
271 2112 538 2170 Scholiorum
558 2114 687 2163 atque
704 2112 1102 2162 lexicographorum
1123 2112 1324 2151 relatione
1343 2133 1395 2138 —
1415 2111 1558 2161 glossa
1579 2107 1736 2154 Θάσιος

36 2209 54 2216 ,
101 2175 198 2229 (sic)
236 2179 334 2222 παῖς
355 2176 679 2230 Ἀγλαοφῶντος
707 2178 822 2227 apud
852 2177 1050 2216 Photium
1082 2176 1135 2227 (I.
1168 2177 1245 2216 273
1275 2175 1428 2226 Nab.)‚
1471 2175 1733 2225 Hesychium

36 2241 62 2256 ’
101 2241 178 2295 (ΙΙ.
206 2243 282 2283 301
315 2242 504 2294 Schm.)‚
547 2243 779 2282 Macarium
811 2242 1021 2293 (Paroem.
1051 2242 1108 2280 ΙΙ.
1140 2240 1234 2291 173)
1264 2241 1402 2280 obvia.
1454 2241 1561 2280 Cum
1591 2243 1731 2279 autem

45 2304 55 2326 ’Ῑ’
98 2308 213 2359 apud
254 2308 451 2348 Photium
493 2308 726 2358 explicetur
768 2305 1053 2359 Πολύγνωτος
1091 2305 1114 2345 ὁ
1153 2305 1384 2358 ζωγράφος
1422 2304 1558 2350 οὕτως
1595 2304 1733 2356 ἐπεγέ-

53 2370 55 2374 ⁴
101 2386 259 2425 γραπτο
287 2375 414 2423 atque
442 2374 556 2424 apud
586 2373 819 2412 Macarium
848 2371 913 2411 ἐπὶ
941 2374 1026 2411 τῶν
1054 2369 1334 2423 Γθαρρούντων
1363 2369 1431 2422 ἐφ’
1460 2368 1520 2414 οἷς
1544 2368 1735 2421 λέγουσιν

40 2464 58 2476 ,ν
100 2437 126 2491 ἢ
152 2437 418 2490 πράττουσιν·
448 2436 472 2478 ὁ
502 2436 582 2489 γὰρ
605 2436 928 2489 Ἀγλαοφῶντος
955 2439 1052 2481 παῖς
1081 2434 1237 2480 Θάσιος
1267 2434 1311 2475 τὸ
1341 2435 1460 2487 γένος
1488 2434 1654 2486 ἄριστος
1683 2433 1734 2486 ἦν

36 2515 57 2553 ’.χ
100 2501 308 2555 γραφεύς,
341 2503 456 2554 apud
485 2504 747 2554 Hesychium
776 2503 930 2554 legitur
959 2502 1039 2542 ἔστι
1070 2495 1118 2541 δὲ’
1144 2500 1353 2552 σεμίδαλις
1385 2499 1636 2552 (similago),
1669 2499 1735 2539 ἐπὶ

99 2571 182 2614 τοῖς
209 2568 347 2620 ἔργοις
376 2568 597 2621 γενομένη,
626 2566 712 2608 ἀπὸ
734 2567 912 2621 Ἀγλαοῦ
942 2571 1014 2607 τοῦ
1044 2567 1089 2614 ἐξ
1113 2567 1247 2620 ἀρχῆς
1269 2566 1538 2619 ποιήσαντος,
1573 2564 1733 2605 Θασίου

47 2649 52 2654 ·
102 2632 216 2685 (-ία“ἒ
249 2634 414 2685 Schm.)
445 2632 746 2686 ὀνομασθεῖσα.
778 2634 898 2680 Quae
927 2634 1056 2673 verba
1085 2634 1139 2673 ad
1168 2634 1282 2672 aliud
1312 2632 1584 2682 proverbium
1608 2631 1733 2681 perti-

50 2698 73 2739 ,ἓν
99 2708 200 2739 nere
227 2701 379 2750 putant
408 2700 706 2739 Hemsterhuis
735 2690 862 2749 atque
892 2699 1092 2749 Leutsch,
1129 2698 1361 2737 Schmidtio
1391 2709 1492 2736 vero
1520 2709 1542 2735 a
1573 2697 1733 2746 parodo

40 2794 52 2824 ··.
100 2763 241 2815 aliquo
267 2776 319 2804 ex
348 2765 478 2805 altera
503 2765 783 2815 explicatione
810 2765 991 2804 formata
1020 2776 1114 2803 esse
1143 2764 1353 2802 videntur.

143 2963 191 3007 ⁹⁸)
235 2965 400 3000 Scholion
423 2970 478 3000 est
499 2977 540 3000 cx
564 2967 625 3009 iis,
650 2977 742 3009 quae
765 2967 810 2999 ab
836 2967 1036 2999 Hermanno
1061 2970 1182 2998 notata
1207 2970 1291 2998 sunt
1315 2965 1440 2998 litteris
1468 2965 1541 3005 no,
1568 2965 1619 2997 i.e.
1642 2974 1731 3005 quac

46 3036 60 3044 ⁴·
100 3031 179 3055 cum
211 3023 247 3055 in
278 3022 464 3056 Clarkiano
487 3022 547 3064 (Ο)
570 3028 647 3056 tum
673 3024 708 3056 in
732 3023 858 3056 ceteris
881 3023 1058 3056 codicibus
1081 3022 1141 3063 (R)
1167 3024 1343 3063 leguntur.
1381 3021 1526 3053 videtur
1549 3024 1667 3053 nutem
1696 3021 1729 3052 in

54 3128 61 3138 .
100 3075 130 3111 Ο
151 3087 191 3111 ex
219 3079 246 3113 R
269 3080 483 3113 translatum
508 3089 602 3123 esse,
625 3080 668 3112 cs.
693 3079 790 3112 Cohn
817 3090 847 3123 p.
874 3078 936 3112 777
963 3089 996 3111 n.
1020 3078 1050 3111 1.
