2072 3568
403 212 503 262 Cap.
538 209 628 260 111,
665 210 725 251 19.
1187 206 1262 249 146

402 338 660 385 grammata,
708 345 891 384 quorum
930 334 1080 373 titulus
1119 333 1229 372 inter
1269 332 1530 373 Simonidem
1568 334 1698 383 atque
1733 333 1849 375 aliud
1887 345 2041 376 nomen

403 401 560 450 variat,
601 400 703 439 haec
732 403 853 439 sunt:
892 411 957 449 ep.
983 399 1077 437 VII.
1106 398 1184 437 345
1213 396 1448 438 ἀόέσποιυν
1475 397 1517 438 01
1544 396 1591 438 ὀὲ
1618 395 1868 449 Σιμωνίδου
1894 398 1953 451 0,
1988 399 2045 441 de

401 467 523 505 cuius
561 465 670 504 tituli
709 465 874 515 origine
910 463 1140 514 disputabo
1179 461 1205 515 ἕ
1236 463 1310 513 92,
1352 463 1424 503 ubi
1462 464 1516 503 de
1551 464 1800 505 auctoribus
1832 464 2039 517 divanio,

400 531 558 580 quibus
587 530 848 580 epigramma
880 528 1137 580 praecedens
1166 528 1261 568 vll.
1286 527 1385 568 344·
1416 528 1504 579 (hic
1525 528 1754 581 Simonidi,
1785 531 1831 571 at
1848 529 1944 570 vn.
1964 528 2043 571 187

402 596 595 646 Philippo
622 594 874 646 ascriptum)
905 594 1122 644 tribuitur,
1154 593 1378 633 disseram.

454 662 531 711 Ep.
564 661 638 700 182
669 661 782 710 (VII.
809 659 906 710 431)
937 658 1098 712 ιῖὀηλυν
1126 658 1167 698 oi
1194 657 1241 698 δὲ
1268 656 1518 710 Σιμωνίόου
1548 658 1594 699 C.
1618 659 1710 700 Vid.
1741 657 1769 712 β
1797 659 1864 701 87.

455 727 532 776 Ερ.
564 726 639 765 116
670 725 782 775 (vn.
811 724 908 774 647)
939 722 1189 776 Σιμωνίδου
1218 722 1260 763 οἷ
1277 722 1334 763 νὀιὲ
1362 722 1552 776 Σιμμίου
1581 724 1628 765 C.
1662 724 1753 765 Vid.
1782 723 1811 777 fi
1838 724 1907 766 88.

454 792 532 841 Ep.
551 791 626 831 148
643 791 782 842 (XIII.
797 790 868 841 28)
888 787 1176 842 Καλλιμάχου.
1211 786 1483 842 Βακχυλίόου
1499 789 1524 842 ἢ
1540 787 1790 842 Σιμωνίδου
1804 789 1855 831 Β.
1886 790 2043 832 Debeo

398 857 722 907 epigrammate,
750 856 866 906 quod
889 855 1060 895 duabus
1086 855 1324 895 rationibus
1348 855 1505 905 duplici
1530 855 1653 895 titulo
1676 855 1933 896 instructum
1952 857 2038 907 eut,

398 922 605 961 disseram
639 920 665 971 ,ξ
694 920 765 971 94,
798 920 871 959 ubi
901 932 1042 959 sermo
1069 920 1149 959 erit
1176 920 1230 959 de
1256 920 1422 970 origine
1449 919 1543 959 libri
1573 920 1656 959 ΑΡ.
1686 919 1817 971 XIII,
1846 922 1890 961 et
1912 918 1941 972 ξ
1961 919 2038 972 9⁶,

399 989 440 1027 in
467 999 552 1037 qua
579 985 605 1038 ξ
630 986 913 1036 disquiretur,
942 997 1046 1025 num
1071 988 1239 1035 praeter
1266 985 1467 1036 Syllogeu
1496 985 1783 1026 Simonideam
1807 985 1878 1026 alii
1900 985 2042 1027 tenu·

400 1054 611 1102 Meleagro
639 1051 1006 1102 suppeditaverint
1033 1051 1341 1101 epigrammata
1373 1050 1605 1091 Simonidis
1634 1050 1806 1091 nominc
1831 1050 2037 1102 praedita.

452 1118 615 1157 Titulos
640 1117 795 1155 dubios
820 1128 904 1155 non
930 1116 1077 1155 eadem
1103 1127 1252 1155 norma
1277 1128 1372 1155 esse
1390 1116 1699 1166 aestimandos,
1726 1115 1803 1156 sed
1819 1115 1874 1156 de
1891 1115 2040 1157 unius·

398 1184 607 1232 cuiusque
643 1182 808 1232 origine
845 1193 920 1231 per
958 1192 1004 1220 se
1039 1193 1135 1221 esse
1170 1181 1401 1220 videndum
1430 1181 1575 1220 docuit
1603 1181 1886 1222 Reitzenstein
1914 1192 1956 1233 p.
1986 1180 2040 1222 97

399 1261 510 1299 sqq„
543 1249 596 1287 cf.
630 1248 847 1297 Radinger
877 1246 1025 1286 Philol.
1059 1247 1123 1286 54.
1160 1246 1262 1286 1895
1291 1258 1332 1296 p.
1364 1246 1456 1286 300.

454 1313 479 1364 ἓ
510 1314 574 1353 87.
637 1311 704 1352 De
732 1323 799 1363 ep.
825 1311 915 1351 182
944 1310 1074 1351 tituli
1102 1310 1296 1363 oriyine.
1343 1311 1678 1362 Epigrammatis
1706 1310 1780 1352 182
1805 1310 1922 1363 (vn.
1937 1310 2038 1364 481)

398 1379 547 1418 titulus
585 1376 745 1429 ἄδηλον
782 1376 823 1416 οἶ
858 1376 904 1416 ‹55-
929 1375 1178 1428 Σιμωνίδου
1207 1377 1239 1416 C
1271 1376 1333 1427 (in
1363 1377 1604 1427 fragmento
1633 1374 1888 1428 Meleagron)
1914 1375 2040 1418 nesse

397 1443 689 1494 explicabitur,
719 1454 816 1482 cum
841 1454 907 1492 ep.
931 1442 1190 1492 praecedens
1210 1442 1546 1492 spectaverimus
1560 1442 1655 1481 VII.
1674 1441 1767 1482 430.
1799 1442 2041 1494 Utrumque

397 1509 579 1548 celebrat
609 1508 879 1547 notissimum
908 1509 1120 1547 certamen
1150 1509 1436 1546 trecentorum
1460 1507 1717 1557 Argivorum
1741 1518 1840 1547 cum
1863 1506 2039 1548 taudem

401 1575 625 1624 Spartanis
670 1573 791 1625 (Her.
831 1574 865 1612 I.
904 1573 978 1623 82,
1021 1573 1154 1612 Thuc.
1194 1573 1264 1612 IV.
1303 1572 1396 1623 56);
1439 1572 1519 1612 hoc
1560 1574 1704 1612 autem
1746 1569 2041 1627 Dioocorn‘de‘s

396 1643 472 1680 est.
509 1641 692 1679 Prorsus
721 1639 867 1678 eadem
896 1641 1011 1678 extat
1040 1638 1231 1677 condicio
1258 1638 1368 1677 inter
1395 1638 1659 1689 epigramma
1687 1637 1783 1678 vn.
1805 1636 1885 1678 351
1907 1639 2040 1688 atque

396 1717 460 1755 ep.
501 1705 615 1755 quod
651 1704 929 1753 consequitur
957 1704 1052 1742 VII.
1085 1703 1183 1742 352:
1219 1703 1261 1742 in
1292 1706 1476 1752 utroque
1504 1703 1744 1753 Lycambae
1768 1702 1884 1743 filiae
1907 1713 1957 1743 οο
1981 1701 2039 1743 ιδ

397 1770 633 1810 Archilochi
672 1769 923 1809 criminibus
962 1768 1226 1807 vindicantes
1265 1771 1585 1818 proponuntur,
1626 1768 1730 1808 illud
1765 1778 1940 1819 quoque
1963 1767 2038 1808 tri-

396 1837 543 1875 buitur
570 1832 858 1884 Dioscoridi,
892 1834 972 1873 hoc
995 1834 1137 1872 itidem
1162 1833 1355 1873 munitur
1378 1833 1587 1872 eiusmodi
1610 1829 1735 1873 titulo
1757 1832 1890 1874 dubio
1908 1834 2039 1884 atque

395 1913 460 1951 ep.
485 1901 579 1940 VII.
606 1900 705 1940 431:
736 1898 971 1939 ἀδέσποτον
999 1897 1040 1938 οἶ
1067 1897 1115 1937 δέ
1137 1912 1240 1950 φασι
1266 1895 1519 1949 Μελεάγρου
1539 1896 1643 1938 αὐτὸ
1660 1895 1764 1938 εἶναι
1782 1897 1831 1939 O.
1861 1897 2036 1939 Nullum

396 1967 497 2005 mihi
537 1966 705 2005 videtur
739 1976 834 2004 esse
861 1964 1064 2014 dubium,
1106 1964 1210 2014 quin
1240 1965 1468 2014 utriusque
1495 1964 1612 2014 paris
1640 1963 1863 2004 titulorum
1887 1962 2036 2006 eudem

395 2032 450 2070 sit
489 2033 608 2070 ratio.
656 2031 688 2070 C
718 2042 810 2069 meo
838 2030 994 2069 iudicio
1021 2030 1065 2068 in
1093 2029 1324 2079 exemplari
1354 2029 1570 2068 Michaelis
1599 2028 1881 2079 chartularii,
1919 2028 2036 2080 qnod

395 2098 437 2136 in
477 2098 556 2136 hac
594 2099 714 2147 parte
750 2096 846 2135 libri
885 2095 1051 2145 septimi
1086 2095 1334 2134 correctioni
1363 2095 1559 2134 adhibuit
1589 2094 1661 2145 (ci.
1696 2093 1724 2146 ξ
1753 2094 1804 2135 91
1833 2105 1878 2135 n.
1911 2093 2032 2147 181),

395 2163 519 2202 unice
561 2162 732 2211 utrique
773 2161 892 2200 alteri
933 2161 1230 2211 epigrammati
1272 2160 1485 2199 sincerum
1529 2160 1699 2200 titulum
1742 2159 2037 2211 Oephahnum

395 2226 555 2279 ἄδηλον
594 2227 677 2277 (ep.
716 2226 838 2276 431),
885 2223 1120 2265 ἀδέσποτον
1159 2226 1242 2276 (ep.
1276 2224 1373 2275 352)
1412 2226 1647 2276 ascriptum
1687 2225 1869 2274 invonit3
1906 2236 2035 2276 quem

396 2293 601 2331 Planudis
638 2292 789 2331 titulus
826 2291 959 2341 epigr.
993 2291 1071 2330 352
1109 2289 1345 2330 ἀδέσποτον
1378 2302 1577 2330 servasse
1605 2291 1775 2330 videtur
1800 2289 1886 2342 ιιιὓ).
1933 2290 2036 2331 Pro-

395 2359 487 2408 pria
525 2360 667 2397 autem
704 2358 946 2396 coniectura
981 2359 1197 2396 auctorem
1232 2356 1398 2395 adicere
1427 2356 1561 2396 voluit
1587 2355 1884 2407 epigrammati
1911 2356 2035 2406 poda

394 2423 617 2472 destituto,
652 2434 790 2472 neque
816 2422 920 2471 quin
950 2422 1214 2472 epigramma
1240 2421 1378 2471 (431),
1410 2422 1525 2471 quod
1547 2422 1590 2460 in
1615 2421 1854 2471 Spartanos
1873 2422 2035 2462 bem·

394 2492 460 2527 tos
489 2491 622 2538 esset,
656 2485 895 2527 Simonidi
922 2487 1149 2536 tribueret,
1181 2486 1415 2537 dubitavit,
1447 2498 1710 2537 quamquam
1730 2487 1825 2526 iure
1842 2486 2034 2527 umm—

394 2554 518 2592 tistae
540 2564 727 2591 errorem
753 2555 1013 2602 correxerat,
1046 2552 1120 2601 qui
1144 2551 1319 2590 exordio
1337 2554 1504 2591 tantum
1526 2552 1632 2591 lecto
1650 2562 1822 2591 carmen
1841 2562 2033 2603 pugnam

395 2618 795 2668 Thermopylensem
836 2617 1048 2656 celebrare
1082 2619 1307 2667 putaverat
1336 2616 1421 2667 1¹0).
1467 2617 1654 2655 Alterius
1682 2616 1885 2656 carminis
1914 2614 2032 2667 (352)

395 2694 471 2721 cur
508 2683 561 2721 de
599 2683 810 2732 Meleagro
847 2684 1020 2721 auctore
1048 2682 1318 2731 cogitaverit,
1360 2693 1446 2720 non
1476 2682 1617 2729 videm
1656 2681 1731 2720 sed
1759 2681 1841 2721 hoc
1865 2682 2034 2721 condat

394 2748 563 2786 titulum
603 2747 720 2785 illum
760 2759 845 2786 non
885 2750 1168 2797 propagatum
1203 2758 1299 2785 esse
1333 2758 1386 2785 ex
1416 2747 1583 2786 Corona
1613 2746 1834 2797 Meleagri,
1873 2745 2034 2797 qqupe

394 2813 467 2861 qui
495 2812 548 2850 de
576 2824 654 2851 sua
683 2812 819 2862 ipsius
848 2813 1098 2851 auctoritate
1124 2812 1322 2851 dubitare
1350 2824 1434 2851 non
1465 2814 1608 2862 posset
1637 2810 1721 2861 ffl).

439 2971 501 3011 109)
549 2973 645 3005 Plan.
670 2974 792 3005 omisi!
817 2974 964 3006 titulum
988 2984 1042 3015 ep.
1062 2973 1134 3006 vu.
1159 2972 1219 3006 431
1247 2973 1307 3013 (cf.
1332 2971 1349 3013 S
1372 2972 1464 3011 107).

439 3028 501 3064 ¹¹0)
548 3029 622 3061 vid.
646 3029 882 3062 Stadtmiiller
902 3031 945 3062 ad
971 3031 1112 3062 lemma.

439 3083 500 3123 ¹¹¹)
547 3083 598 3116 Cf.
624 3085 860 3118 Reitzenstein
886 3097 917 3127 p.
941 3086 996 3118 98.
