2072 3568
911 231 959 276 51
1522 232 1548 291 g
1579 234 1750 280 26-28.

119 356 365 416 Κορινθίων
398 357 598 403 πίνακα
634 361 683 415 τῇ
718 359 821 415 θεῷ·
846 359 934 402 τὸν
969 361 1041 403 ἔτι
1076 363 1169 403 νῦν
1204 359 1553 416 διαμένοντα,
1592 366 1634 405 in
1664 365 1755 417 qui·

20 445 34 462 ³2
117 428 201 469 bus
242 429 440 468 notitiam·
476 429 758 478 Theopompi,
805 441 935 478 quam
977 441 1149 479 quoque
1189 430 1232 469 in
1275 431 1545 475 Athenaeum>
1578 432 1756 471 fluxisse

35 543 38 545 ,
119 493 326 544 vidimus,
368 495 581 545 servatam
618 505 713 532 esse
749 493 869 533 docet
907 493 1138 532 similitudo
1172 495 1419 534 ultimorum
1449 496 1754 535 vocabulorum

118 560 247 608 atque
289 558 550 598 Scholiastae
591 558 804 597 Pindarici
845 558 945 597 dicti
986 556 1092 597 καὶ,
1117 561 1210 598 νῦν
1238 558 1305 610 19).
1354 561 1445 599 Hac
1473 573 1525 599 ex
1554 573 1600 600 re
1628 562 1755 600 simul

22 622 46 667 ξ’
118 625 294 675 apparet
321 624 593 674 Theopompo
622 623 756 662 fuisse
784 624 1010 662 donarium
1037 623 1246 664 tabulam
1263 623 1443 675 pictam
1469 637 1607 675 neque
1631 639 1750 677 eum,

119 691 167 728 ut
193 689 242 728 fit
270 688 385 738 apud
415 688 715 738 Plutarchum,
754 688 807 734 de
834 687 1005 728 statuis
1033 688 1186 729 aeneis
1214 690 1365 728 fecisse
1394 691 1536 730 verba.

150 754 311 793 'Etiam
348 754 529 792 alterum
566 753 687 792 adest
722 753 925 792 indicium
955 754 1249 804 Theopompea
1280 755 1409 794 verba
1439 756 1482 794 in
1516 755 1683 795 Scholio
1712 757 1753 796 in

118 818 292 858 brevius
320 820 535 858 contracta
563 818 658 869 legi.
691 819 783 857 Iam
813 819 950 868 primo
973 819 1126 858 obtutu
1152 820 1424 858 manifestum
1450 823 1513 859 est
1539 822 1756 861 Plutarchi

1 878 54 904 ³
117 884 406 923 testimonium
443 884 758 934 quodammodo
797 895 893 923 cum
924 884 1220 934 Theopompeo
1249 887 1476 935 cognatum
1505 898 1599 925 esse
1629 886 1757 937 (quae

43 946 55 986 ‘‚
118 949 313 1000 cognatio
349 949 489 999 qualis
527 949 583 988 sit
615 950 659 987 in
689 949 883 999 proxima
913 950 1185 1000 paragrapho
1214 950 1486 1001 videbimus).
1534 952 1754 1002 Templum

4 1011 6 1036 ³
47 1015 59 1071 Ἠ
119 1015 293 1055 Veneris
321 1016 436 1065 apud
466 1017 697 1092 utrumque
725 1027 750 1054 a
780 1015 926 1054 Medea
955 1015 1172 1054 conditum
1196 1027 1290 1055 esse
1313 1017 1480 1055 dicitur.
1515 1017 1565 1055 In
1589 1017 1756 1056 Scholio

4 1075 59 1097 ³
118 1077 259 1120 autem
288 1081 443 1132 legitur
471 1078 516 1120 τὸ
546 1078 659 1132 ῖερόν
688 1079 711 1119 ὃ
741 1079 1076 1131 ἱδούσασθαι
1109 1079 1200 1133 τὴν
1230 1079 1478 1133 ΛῚΙήόειαν
1506 1080 1756 1133 λέγουσιν

58 1142 248 1197 Ἥρας
277 1144 595 1197 προσταξάσης,
637 1146 752 1196 apud
783 1146 1061 1185 Plutarchum
1090 1148 1231 1185 tamen
1262 1145 1320 1186 ὃν
1350 1146 1426 1197 (sc.
1459 1146 1580 1197 ναὸν)
1612 1146 1755 1199 ἱδρύ-

6 1187 58 1266 vJ
117 1209 319 1251 σασθαι
346 1209 596 1264 Μήδειαν
624 1209 899 1262 λέγουσιν,
929 1211 970 1251 οἱ
996 1210 1075 1263 μὲν
1104 1210 1234 1264 αὐτὴν
1257 1212 1534 1265 παυσαμέπηι
1557 1212 1756 1264 τάνδρός,

8 1268 10 1284 ³
120 1274 161 1316 οἱ
200 1273 242 1316 ὃ’
281 1273 352 1315 ἐπὶ
387 1279 449 1328 τῷ
490 1274 561 1316 τὸν
597 1274 761 1316 Ιάσονα
804 1279 875 1328 τῆς
919 1274 1090 1321 Θετιὸος
1134 1276 1295 1328 ἐρῶντα
1337 1280 1494 1317 παῦσαι
1532 1277 1605 1330 τὴν
1642 1278 1756 1318 θεόν.

122 1339 279 1381 Scholii
321 1341 451 1381 verba
493 1341 690 1381 absoluta
734 1353 819 1380 non
863 1344 987 1392 sunt,
1034 1342 1116 1380 nisi
1159 1342 1361 1392 addatur,
1408 1354 1492 1391 qua
1534 1343 1587 1382 de
1628 1355 1756 1383 causa

119 1406 231 1446 Iuno
264 1407 454 1456 Medeam
489 1407 638 1446 fanum
668 1407 848 1446 condere
877 1407 1196 1446 Corinthiacum
1226 1407 1419 1457 iusserit,
1463 1419 1573 1457 quae
1600 1408 1756 1458 duplici

50 1466 67 1510 ’τ
119 1461 264 1512 {abula
305 1472 358 1512 de
400 1473 543 1523 templi
585 1473 749 1523 origine
790 1473 905 1523 apud
948 1473 1226 1512 Plutarchum
1265 1476 1462 1512 enarrata
1501 1474 1752 1514 continetur.

59 1548 89 1588 ,sq
121 1537 419 1588 Theopompus
455 1539 547 1588 ipse
583 1538 715 1589 igitur
753 1539 977 1588 scripsisse
1014 1539 1254 1578 censendus
1283 1541 1346 1577 est
1375 1538 1399 1577 ὃ
1428 1537 1506 1590 ἷὸρ.
1537 1537 1610 1591 τὴν
1638 1537 1756 1591 Μήὸ.

47 1597 309 1662 ssssMyovow
335 1599 473 1654 εἨρας
499 1602 816 1655 προσταξάσης,
854 1603 894 1642 οἱ
921 1602 1000 1655 μὲν
1030 1635 1037 1642 .
1069 1635 1076 1642 .
1108 1635 1115 1642 .
1146 1602 1343 1655 τάνδρός,
1382 1603 1423 1643 οἱ
1451 1603 1496 1643 δὲ
1526 1635 1534 1643 .
1566 1636 1573 1643 .
1604 1636 1611 1643 .
1641 1604 1756 1644 θεόν.

121 1666 187 1707 Ex
230 1667 312 1707 illis
358 1670 500 1707 autem
543 1669 799 1708 Plutarchus
842 1669 908 1708 vel
950 1669 1042 1708 eius
1084 1671 1232 1708 auctor
1273 1669 1413 1708 omisit
1457 1670 1586 1709 verba
1621 1667 1758 1721 ἽΙρας

121 1731 425 1786 προσταξάσης.

62 1835 77 1842 π
175 1797 203 1850 ἕ
231 1798 296 1838 28.
356 1797 425 1839 De
469 1797 732 1839 Plutarcho.
793 1800 1103 1850 Investiganti,
1159 1812 1244 1850 qua
1291 1800 1452 1839 nitatur
1500 1800 1756 1839 Plutarchus

58 1859 99 1916 j
121 1864 391 1915 auctoritate,
424 1864 535 1904 duae
563 1866 834 1914 quaestiones
863 1865 1085 1915 diligenter
1114 1866 1441 1916 distinguendae
1469 1868 1590 1905 sunt:

175 1929 217 1981 1)
255 1942 308 1970 ex
335 1942 421 1980 quo
449 1930 566 1970 fonte
593 1931 736 1970 hausit
766 1931 876 1970 Plut.
909 1943 980 1981 ea,
1014 1943 1124 1980 quae
1152 1931 1204 1970 de
1231 1943 1296 1981 ep.
1319 1931 1394 1971 137
1424 1932 1567 1980 habet;
1599 1932 1757 1980 qualis-

16 2040 17 2043 *
65 2041 71 2047 ⁴
180 2020 183 2023 Δ
253 2007 337 2045 que
363 1997 478 2036 extat
505 1996 694 2035 condicio
722 1997 832 2035 inter
860 2008 958 2036 eum
986 1998 1114 2046 atque
1143 1997 1482 2047 Theopompum;

15 2057 20 2107 ᾗ
173 2059 217 2111 2)
256 2072 360 2100 num
379 2073 466 2111 quo
484 2062 600 2101 fonte
619 2074 726 2101 usus
747 2064 811 2101 est
830 2062 874 2101 in
894 2074 958 2112 ep.
983 2062 1056 2101 137
1079 2063 1205 2112 Plut.,
1230 2062 1340 2101 idem
1360 2063 1397 2101 ei
1418 2061 1757 2111 suppeditavisse

16 2171 19 2178 τ
253 2126 422 2166 videtur
454 2127 760 2177 epigrammata
796 2129 999 2177 quattuor
1035 2127 1302 2166 Corinthiaca
1338 2139 1448 2177 quae
1482 2126 1752 2176 praecedunt.

17 2197 19 2199 “
175 2189 425 2231 Plutarchea
459 2192 605 2232 notitia
634 2192 952 2243 epigrammatis
984 2192 1073 2242 137,
1115 2204 1376 2242 quamquam
1407 2192 1632 2231 manifesto
1661 2197 1755 2240 cog-

16 2258 19 2298 ]
70 2248 222 2311 ἐξιππίπ
267 2257 331 2295 est
377 2268 474 2296 cum
515 2257 837 2307 Theopompea,
887 2269 940 2296 ex
987 2258 1066 2297 hac
1112 2258 1204 2307 ipsa
1251 2258 1413 2297 hauriri
1463 2269 1547 2295 non
1591 2257 1752 2306 potuit,

122 2321 323 2370 quoniam
351 2321 455 2361 haec
483 2325 773 2372 repraesentat
801 2323 1070 2362 traditionem
1096 2323 1450 2372 epigrammatum
1476 2322 1756 2371 antiquiorem

74 2379 102 2436 f}
120 2382 399 2437 (anonymam
424 2387 497 2438 A),
530 2388 599 2427 illa
621 2391 762 2427 autem
786 2388 1059 2427 recentiorem
1084 2387 1391 2438 (Simonideam
1417 2387 1480 2438 S).
1515 2387 1606 2425 Hoc
1628 2386 1758 2436 igitur

18 2495 19 2498 Ἴ
69 2451 377 2491 sumendum
415 2454 479 2492 est
517 2453 792 2493 Plutarchum
834 2465 918 2492 non
949 2454 1220 2503 Theopompo
1249 2453 1342 2503 ipso
1371 2464 1497 2491 usum
1527 2463 1642 2501 esse,
1684 2451 1757 2489 sed

73 2510 328 2573 ‘jjfieriptore
355 2518 562 2568 quodam,
595 2530 620 2558 a
648 2530 735 2568 quo
763 2519 1063 2568 Theopompus
1087 2520 1198 2557 esset
1222 2518 1452 2557 adhibitus.
1485 2517 1567 2562 Qui
1593 2518 1754 2565 auctor,

16 2584 24 2616 ἰ
96 2589 249 2633 quem
286 2582 423 2622 littera
462 2583 497 2622 X
534 2583 790 2634 designabo,
832 2584 929 2634 quis
967 2571 1116 2633 fuerit,
1159 2594 1414 2633 cognoscere
1453 2585 1599 2621 nostra
1628 2594 1756 2631 quam

19 2648 23 2674 ἓ
89 2645 306 2697 'maxime
340 2648 539 2699 interest,
581 2661 678 2689 cum
715 2662 812 2689 eum
850 2650 971 2688 iuxta.
1006 2648 1274 2688 traditionem
1304 2642 1622 2698 epigrammatis
1652 2647 1758 2686 anti·

167 2722 337 2763 norem,
377 2725 507 2763 quam
535 2715 650 2765 apud
679 2715 998 2765 Theopompum
1029 2714 1285 2763 invenisset,
1329 2713 1599 2752 recentiorem
1631 2713 1757 2751 tradi-

91 2773 280 2816 {tionem
307 2778 479 2818 aliunde
506 2780 752 2819 arcessitam
781 2780 981 2819 laudasse
1010 2790 1181 2818 necesse
1211 2779 1277 2817 sit.

25 2853 26 2856 ’
82 2860 125 2896 ,π
178 2841 407 2887 Quaeritur
443 2846 608 2895 autem,
649 2857 753 2884 num
792 2846 888 2884 fons
927 2845 994 2883 ille
1030 2845 1064 2883 X
1100 2844 1226 2883 fuerit
1255 2844 1388 2892 idem,
1430 2855 1479 2881 cx
1510 2854 1594 2891 quo
1623 2844 1757 2880 cetera

34 3008 35 3014 ³
171 2999 216 3044 1⁹)
261 3002 374 3037 verba
396 3001 455 3036 ‘niv
477 3001 525 3036 ἔτι
549 3006 612 3040 νῦν
635 3002 841 3046 διαμένοντα
867 3015 934 3037 non
962 3004 1132 3036 Athenaei
1159 3003 1268 3045 ipsium
1291 3013 1328 3033 os
1331 3013 1384 3043 se,
1409 3014 1424 3033 .
1427 3002 1466 3033 mi
1494 3012 1531 3033 ex
1560 3002 1707 3043 anli«1ui
1711 3012 1758 3033 νυι

90 3054 268 3128 {immisse
298 3061 465 3103 scriptore
496 3061 565 3095 iam
595 3072 635 3095 cx
661 3073 701 3095 eo
725 3065 884 3104 apparet,
909 3062 1000 3103 quo!
1030 3061 1075 3092 V
1057 3061 1171 3094 emis
1196 3060 1368 3102 ῐοιιηὶιιιιι
1394 3069 1485 3091 anno
1510 3058 1574 3090 ltili
1599 3058 1755 3090 lii-utum

0 3120 15 3141 »⁴
95 3101 191 3184 {ut-
215 3113 308 3158 0125
330 3115 374 3150 29
398 3128 431 3151 u.
456 3116 510 3151 26.

95 3177 114 3194 ω
127 3193 133 3201 Δ»
1582 3169 1626 3205 μ

107 3253 130 3296 {J
