2072 3568
348 251 447 302 (rap.
484 248 571 299 111,
604 249 667 291 32.
1126 248 1204 291 ‘208

347 377 534 415 imitatur
575 375 804 415 Simonidei
843 376 1163 426 epigrammatis
1192 375 1244 415 98
1273 376 1453 416 {ormam
1483 378 1516 417 A
1546 372 1726 427 (οὗτος
1746 375 1986 435 Ὀδυσσῆος

345 440 528 479 κείνου
567 440 754 492 τάφος,
793 441 851 480 ὃν
889 439 974 479 διαὶ
1013 440 1181 481 πολλὰ
1213 439 1463 494 ’Έλληνες
1499 441 1583 483 κτλ.
1621 444 1713 484 coll.
1750 456 1787 486 e.
1825 442 1987 491 οὗτος

340 506 610 556 &los-quirun»
645 506 828 545 κείνου
865 505 1055 557 τιίψος,
1091 506 1149 545 ὃν
1184 504 1269 547 dui
1304 508 1446 547 πᾶσα
1477 505 1660 553 Ἑλλὰς
1686 506 1794 561 κτλ,
1833 510 1896 552 sic
1922 511 1980 563 Δ,

347 573 376 610 S
409 584 508 610 vero
536 568 588 610 οὗ
617 570 684 610 διὰ
714 570 871 621 βουλὰς
899 570 1017 620 κτλ).
1053 572 1129 622 Ep.
1151 572 1281 622 igitur
1300 584 1351 611 ex
1376 572 1523 613 eodem
1547 574 1666 614 tonte
1686 574 1724 615 ei
1745 574 1986 618 innotuisse

345 637 512 676 videtur
540 639 668 687 atque
697 637 914 676 Collectori
946 637 1025 687 ipsi
1055 649 1113 676 sc.
1142 649 1194 676 ex
1226 638 1421 688 Ephoro,
1453 638 1814 689 quemadmodum
1841 652 1939 693 φρ.
1960 641 1982 683 1

343 705 381 740 et
411 703 458 751 2,
495 714 605 752 quae
634 703 869 741 secundum
898 703 1139 753 exemplum
1169 703 1597 755 Thermopylensium
1625 705 1982 756 epigrammatum

343 768 394 806 92
422 771 462 806 et
491 768 539 806 94
572 768 751 807 formata
782 771 906 816 sunt,
945 780 996 807 ex
1028 768 1244 807 Herodoto
1274 769 1447 808 novisse
1473 770 1717 812 censendus
1741 775 1820 812 est.

397 834 518 872 Nunc
547 833 862 882 quaerendum,
898 845 999 872 num
1026 834 1198 883 Sylloge
1222 834 1463 874 Simonidea
1490 835 1582 885 ipsa
1606 835 1662 876 ab
1683 836 1983 878 Alexandrinis·

344 899 476 948 poetis
513 898 871 948 epigrammaticis
909 899 1097 937 adhibita
1135 899 1203 938 sit.
1250 899 1331 945 Qui
1370 912 1466 939 eum
1507 901 1833 942 Reitzensteinio
1861 905 1983 954 putat.

346 964 541 1002 Soliolam
585 966 804 1013 poetarum
848 964 1292 1014 epigrammaticorum
1333 965 1732 1016 Peloponnesiacam
1770 966 1982 1019 imprimis

2038 988 2072 1027 ,4

2064 1022 2072 1036 ,

342 1029 533 1079 exemplo
561 1028 640 1067 sibi
671 1029 909 1078 sumpsisse
940 1028 1222 1079 Simonidem,
1255 1051 1307 1057 —
1335 1041 1432 1069 eum
1461 1042 1544 1080 e.g.
1565 1042 1605 1081 p.
1627 1031 1703 1071 149
1732 1043 1774 1072 n.
1794 1032 1820 1072 2
1847 1033 1984 1073 tuisse
2065 1044 2072 1055 ·

341 1095 440 1133 dicit
481 1094 572 1133 ‘das
611 1094 923 1143 Hauptvorbild
962 1094 1038 1132 der
1075 1094 1432 1144 Peloponnesier’,
1475 1095 1528 1134 ci.
1563 1107 1603 1145 p.
1636 1095 1715 1136 129
1747 1096 1816 1137 ‘da
1843 1097 1983 1149 Anyto

341 1160 472 1198 iiiters
501 1159 568 1198 die
599 1159 1118 1209 Simonides-Sammlung
1146 1159 1334 1199 benutzt’
1366 1181 1441 1210 —,
1474 1161 1511 1200 is
1530 1161 1707 1212 accipiat
1726 1166 1983 1203 neceseeest

345 1226 543 1274 Syllogen
586 1224 871 1263 Simonideam
912 1224 967 1263 ab
1002 1225 1084 1263 illis
1115 1225 1248 1274 poetis
1276 1237 1371 1264 esse
1399 1228 1666 1276 usurpatam.
1712 1227 1866 1278 Nobis,
1905 1227 1982 1279 qni

344 1290 543 1340 Syllogen
590 1289 876 1329 Simonideam
918 1292 1100 1329 exeunte
1142 1291 1312 1330 saeculo
1352 1294 1507 1340 quarto
1548 1292 1846 1333 concinnatam
1885 1303 1983 1333 esse

342 1358 540 1405 putemus
587 1355 716 1405 idque
761 1358 934 1405 propter
977 1355 1069 1405 ipsa
1118 1367 1292 1405 poeseos
1338 1356 1710 1406 epigrammaticae
1752 1356 1983 1399 litterariae

343 1421 605 1470 Scholaeque
636 1421 1016 1471 Peloponnesiacae
1045 1421 1275 1470 primordia
1308 1420 1354 1472 (ξ
1385 1422 1435 1461 24
1465 1433 1506 1472 p.
1524 1421 1617 1472 46),
1653 1422 1719 1462 vel
1740 1423 1980 1474 mpetum
2034 1457 2039 1461 .

342 1487 448 1526 ratio
488 1486 651 1536 obstat,
697 1486 928 1536 quominus
972 1486 1298 1525 Reitzensteinio
1339 1488 1646 1536 assentiamur;
1689 1498 1777 1538 qua
1818 1487 1886 1528 vir
1923 1487 1976 1528 el.
2006 1535 2010 1539 a

340 1554 430 1602 ipse
467 1564 570 1591 sane
608 1563 693 1591 non
727 1552 980 1601 offenditur,
1021 1552 1095 1602 qui
1128 1552 1328 1603 Syllogen
1361 1552 1649 1592 Simonideam
1677 1552 1789 1593 circa
1814 1560 1980 1593 annum

340 1619 418 1656 400
463 1629 557 1657 esse
603 1617 842 1667 conditam,
893 1617 975 1655 illis
1021 1620 1163 1656 autem
1211 1618 1346 1667 poetis
1388 1620 1559 1668 praesto
1601 1617 1736 1658 fuisse
1775 1618 1895 1668 putet
1933 1617 1978 1657 in

342 1683 584 1722 recensione
622 1683 853 1722 recentiore
894 1681 1281 1732 ‘Peloponnesiaca’
1323 1682 1395 1732 (cf.
1437 1681 1464 1733 ξ
1499 1682 1552 1722 38
1590 1694 1632 1721 n.
1664 1681 1751 1734 54).
1796 1682 1981 1725 Maxime

339 1751 479 1787 tamen
509 1748 696 1798 opinioni
727 1748 1136 1787 Reitzensteinianae
1163 1748 1419 1798 refragatur,
1451 1748 1566 1798 quod
1589 1748 1750 1788 nullius
1768 1748 1980 1800 epigram-

342 1814 464 1852 matis
496 1813 750 1863 Simonidei‚
788 1813 903 1863 quod
933 1814 1024 1852 sive
1051 1825 1104 1852 ex
1133 1815 1251 1852 textu
1283 1813 1312 1852 S
1342 1813 1434 1852 sive
1460 1825 1513 1852 ex
1541 1813 1767 1853 ordinibus
1796 1811 1979 1854 Sinoni-

338 1879 428 1917 deis
468 1879 671 1918 Palatinis
710 1879 753 1917 in
794 1878 965 1929 Sylloge
1001 1878 1181 1918 affuisse
1218 1879 1379 1918 scimus
1419 1876 1499 1930 (§§
1534 1877 1761 1929 99—101),
1801 1877 1980 1919 imitatio

339 1944 380 1982 in
412 1944 814 1994 Peloponnesiorum
844 1944 1164 1994 epigrammatis
1187 1943 1365 1983 indicari
1388 1946 1540 1994 potest.
1573 1944 1818 1994 Pei-paucae
1841 1942 1978 1984 Simo·

340 2010 487 2048 nideae
523 2010 800 2059 imitationes,
841 2021 953 2059 quae
988 2009 1104 2060 apud
1141 2009 1235 2048 illos
1271 2009 1531 2059 deprehendi
1565 2009 1788 2059 dicuntur,
1828 2019 1978 2049 omnes

338 2077 534 2124 sumptae
552 2078 654 2114 sunt
673 2086 725 2114 ex
744 2075 951 2114 eiusmodi
975 2074 1230 2114 Simonideis
1248 2074 1587 2124 epigrammatis,
1610 2085 1796 2124 quorum
1814 2073 1979 2115 indoles

338 2151 517 2190 prorsus
563 2140 801 2179 abhorrens
848 2140 902 2179 ab
948 2140 1267 2191 epigrammatis
1317 2139 1573 2179 Simonideis
1612 2139 1799 2190 bellicis,
1847 2139 1979 2180 immo

339 2206 622 2244 Alexandrina
663 2206 896 2255 videretur,
939 2206 975 2244 si
1009 2206 1076 2245 eui
1108 2205 1352 2245 Simoniden
1379 2205 1503 2244 titulo
1529 2205 1730 2245 destituta
1759 2204 1977 2256 proposita

336 2274 478 2310 esseut
510 2271 610 2321 (eg.
644 2271 726 2309 ΑΡ.
756 2271 826 2310 VI.
860 2271 910 2310 52
939 2288 993 2304 =
1023 2271 1126 2311 Sim.
1158 2283 1224 2319 ep.
1260 2271 1334 2310 144
1363 2271 1456 2311 coll.
1488 2271 1649 2322 Anytes
1675 2282 1741 2322 ep.
1767 2270 1841 2311 vl.
1873 2269 1974 2321 123,
2014 2268 2016 2270 ’

338 2336 478 2375 Niciae
513 2347 577 2386 ep.
611 2336 680 2374 VI.
724 2336 824 2384 122;
863 2337 946 2375 ΑΡ.
979 2337 1074 2375 VII.
1114 2336 1192 2376 513
1230 2353 1283 2369 =
1323 2336 1427 2375 Sim.
1465 2348 1531 2386 ep.
1573 2336 1648 2376 115
1685 2336 1779 2376 coll.
1813 2334 1994 2402 Anytoeffi
2061 2346 2072 2397 ..j

336 2413 401 2451 ep.
436 2402 528 2440 VII.
568 2401 668 2450 646,
713 2401 944 2440 Simonidis
975 2401 1040 2441 vel
1070 2399 1297 2441 Simmiae
1324 2413 1389 2452 ep.
1423 2401 1517 2440 VII.
1550 2401 1628 2441 647
1656 2418 1710 2435 =-=
1739 2400 1844 2442 Sim.
1877 2400 2002 2450 11ss

337 2467 389 2505 cf.
423 2467 703 2506 Reitzenstein
743 2479 783 2517 p.
820 2467 917 2516 124,
963 2467 1039 2506 128
1068 2467 1177 2517 sq.);
1217 2479 1328 2517 quae
1354 2479 1450 2518 epp.
1486 2466 1731 2506 Simoniden
1757 2467 1976 2518 praeterea

336 2532 538 2582 leguntur
574 2533 716 2572 omnia
749 2533 792 2571 in
821 2533 1073 2584 Anthologia
1104 2533 1296 2572 Palatina
1325 2543 1461 2582 eaque
1487 2532 1531 2571 in
1560 2532 1822 2583 Meleagreae
1846 2531 1976 2572 Goto-

338 2609 417 2636 nae
450 2597 724 2647 fragmentis,
765 2610 861 2637 cum
892 2601 1033 2638 tamen
1065 2599 1225 2638 nostris
1254 2598 1420 2638 indiciis
1447 2598 1588 2637 tribus
1618 2596 1666 2650 (ξ
1694 2593 1849 2655 98)οᾶ
1879 2596 1982 2650 851-

337 2662 458 2712 logen
504 2662 791 2702 Simonideam
835 2663 982 2702 referri
1021 2676 1107 2703 non
1146 2667 1320 2714 possent
1359 2662 1407 2715 (ἓ
1447 2663 1558 2713 104).
1604 2663 1655 2703 In
1683 2662 1816 2703 altera
1843 2662 1977 2703 huius

336 2728 701 2767 commentationis
739 2730 860 2778 parte
895 2729 1260 2768 demonstrabitur
1296 2741 1391 2780 epp.
1431 2730 1503 2768 illa
1539 2728 1783 2768 Simoniden
1810 2738 1971 2780 penca,

336 2803 447 2841 quae
469 2792 511 2831 in
536 2804 713 2831 censum
739 2794 933 2843 veniant,
963 2794 1155 2844 ipsorum
1179 2806 1275 2834 esse
1298 2797 1519 2845 poetarum
1541 2793 1970 2844 Peloponnesiorum,

335 2859 463 2906 atque
511 2856 742 2897 Simonidis
789 2870 942 2898 nomen
989 2859 1161 2898 demum
1203 2859 1476 2899 librariorum
1517 2858 1643 2909 culpa
1683 2858 1889 2899 ascivisse
1926 2858 1972 2899 in

335 2922 503 2961 Corona
532 2922 780 2973 Meleagrea.

389 2987 586 3026 Ceterum
613 2988 707 3027 iure
733 2989 896 3028 efficias
920 3001 1006 3028 non
1029 2991 1161 3029 totam
1189 2989 1387 3029 Scholam
1414 2989 1813 3044 Peloponnesiacum
1837 2987 1973 3029 Simo—

336 3051 475 3090 nidem
516 3063 612 3091 esse
652 3055 877 3103 sectatam,
923 3066 975 3093 ex
1017 3066 1066 3093 eo
1110 3055 1225 3105 ipso,
1271 3055 1386 3104 quod
1423 3054 1499 3094 uni
1535 3066 1588 3093 ex
1625 3054 1756 3094 huius
1794 3053 1974 3094 Scholae

335 3116 508 3155 asseclis
546 3118 722 3157 imitatio
762 3118 994 3159 Simonidis
1031 3120 1233 3172 imputari
1262 3121 1423 3160 solebat
1451 3131 1510 3160 sc.
1543 3119 1867 3160 Mnasalcae.
1912 3118 1973 3159 De
