2072 3568
901 199 949 243 79
1509 202 1534 258 ‚s
1565 205 1639 258 40,
1672 205 1736 248 41.

102 325 251 368 aetatis
264 325 315 378 2).
371 325 421 366 Id
469 338 641 378 quoque
691 328 892 368 carminis
945 329 1147 379 prooemii
1200 330 1395 382 religiosa
1450 333 1741 383 interpretatio

102 393 319 434 admonet:
349 391 594 445 ἐπίγραμμα
620 423 628 432 .
661 424 669 432 .
701 424 709 432 .
742 424 750 432 .
779 392 1046 446 ἀπολόμενον
1075 399 1135 448 τῷ
1158 394 1304 448 χρόνῳ
1323 395 1432 437 ‘EM
1460 387 1740 452 ἐπιγραφῆναι

4 449 41 502 ἔθ’,
93 447 312 509 ’ἐποίησενε
348 469 459 507 quae
493 460 734 509 temporum
762 460 922 499 invidia
951 463 1186 500 evanuerat
1214 462 1433 512 inscriptio
1461 464 1505 502 in
1534 465 1738 504 honorem

2 511 41 556 ’ἵ
99 534 247 563 eorum
277 522 438 576 ἡρώων
468 523 547 574 (sic
576 525 946 575 praedicabantur,
980 527 1053 575 qui
1082 527 1125 565 in
1157 527 1265 566 bello
1294 529 1455 568 Medico
1475 530 1734 580 ceciderant,

8 607 30 645 ᾗ
101 588 153 628 cf.
196 589 375 628 Bl.—H.
417 589 470 627 ad
510 590 639 629 Paus.
679 589 786 640 1.1.),
829 613 881 618 -
919 591 1077 640 quibus
1115 592 1325 631 civitatem
1364 605 1531 644 semper
1565 596 1736 634 taurum

12 664 34 711 ,J
99 653 342 693 immolasse
369 655 550 693 testatur
578 655 897 705 epigrammatis
927 656 1183 706 subscriptio
1213 656 1371 710 ’μεχρὶς
1399 657 1467 710 ἐφ’
1495 659 1620 711 ἡμῶν
1646 659 1691 699 δὲ
1711 660 1735 712 ἡ

31 715 33 717 ’
98 715 217 762 πόλις
243 721 399 770 ταῦρον
427 716 624 770 ἑνάγιζεν’
660 742 733 770 ——,
776 718 891 770 eam,
931 733 1027 760 cum
1057 722 1099 760 in
1129 723 1237 761 libro
1266 724 1452 772 quodam
1481 725 1517 763 ei
1547 725 1736 765 oblatum

15 780 37 827 ἓξ·-
98 785 230 834 esset,
263 784 404 823 denuo
432 784 610 823 inscribi
638 785 764 824 iussit
793 786 1031 826 Helladius.

32 840 37 843 “
151 849 242 889 Iam
282 861 357 900 per
385 861 432 888 se
462 851 688 889 verisimile
716 853 780 890 est
809 851 1050 891 Helladium
1083 853 1148 891 vel
1177 855 1416 903 auctorem,
1459 867 1586 904 quem
1616 857 1734 894 adhi-

32 935 36 943 ν
97 914 257 964 buerit,
290 915 439 954 referri
467 915 621 954 debere
649 916 702 955 ad
731 928 825 955 eam
853 917 1208 967 epigrammatum
1239 919 1544 970 collectionem,
1577 921 1620 959 in
1650 933 1734 970 qua

100 978 330 1019 Simonidis
367 980 539 1019 nomine
576 982 727 1020 ornata
765 982 977 1032 legeretur
1014 983 1370 1033 epigrammatum
1409 986 1540 1024 series
1580 998 1638 1025 sc.
1680 988 1734 1026 ad

6 1031 41 1094 ῗῨ
97 1044 307 1085 Coronam
332 1045 625 1095 Meleagream.
659 1047 846 1086 Affuisse
875 1049 1014 1086 autem
1043 1049 1122 1087 hoc
1141 1060 1205 1098 ep.
1230 1049 1272 1087 in
1298 1049 1540 1090 Simonidea
1564 1051 1735 1102 Sylloge

95 1109 377 1150 demonstrari
420 1112 578 1161 potest,
625 1124 723 1151 nam
767 1125 904 1151 unum
945 1115 1009 1152 est
1051 1125 1103 1152 ex
1146 1114 1197 1152 iis
1235 1115 1577 1166 epigrammatis,
1625 1129 1734 1166 quae

95 1176 279 1226 respexit
323 1175 590 1216 Simonideae
635 1177 830 1228 Sylloges
873 1178 1059 1218 imitator
1102 1180 1341 1219 Mnasalcas
1386 1180 1456 1231 (cf.
1503 1181 1528 1233 ξ
1571 1182 1661 1232 129)
1678 1182 1728 1233 3).

7 1226 64 1290 ,ἡ
95 1240 187 1284 Hoc
227 1253 292 1291 ep.
333 1242 464 1292 igitur
505 1254 590 1281 non
632 1243 690 1282 ita
733 1244 1046 1283 aestimandum
1084 1247 1168 1295 est,
1215 1246 1340 1294 quasi
1379 1258 1456 1285 nos
1496 1247 1731 1286 habeamus

8 1303 50 1364 'j
92 1306 323 1357 genuinam
351 1307 462 1357 cippi
490 1308 831 1358 inscriptionem,
867 1310 940 1348 sed
971 1310 1242 1349 referendum
1273 1312 1326 1350 ad
1355 1323 1403 1350 ea
1424 1313 1730 1362 epigrammata

8 1362 61 1425 ‘¹⁷3'
95 1370 196 1422 (e.g.
227 1383 292 1422 ep.
325 1372 399 1423 96,
440 1373 492 1412 cf.
537 1371 596 1424 ἐξ
637 1374 710 1423 53,
755 1373 874 1425 101),
918 1387 1028 1424 quae
1056 1375 1099 1414 in
1129 1377 1408 1427 Meleagream
1440 1378 1650 1418 Coronam
1680 1391 1731 1418 ex

95 1435 265 1488 Sylloge
282 1436 524 1477 Simonidea
539 1439 748 1478 translata
764 1451 816 1478 ex
831 1440 901 1495 illa
917 1452 941 1479 a
959 1440 1144 1490 Cephala
1161 1453 1247 1480 non
1263 1444 1429 1492 recepta
1445 1455 1540 1482 esse
1554 1445 1725 1483 scimus.

147 1500 173 1553 ξ
217 1502 282 1542 41.
344 1502 411 1543 De
458 1503 617 1543 ceteris
662 1503 1060 1556 inscriptionibus.
1123 1506 1270 1546 Cetera
1318 1519 1412 1557 epp.
1459 1508 1725 1559 Simonidea,

91 1578 202 1618 quae
234 1568 277 1607 in
315 1568 666 1619 inscriptionibus
705 1570 929 1621 leguntur,
972 1583 1023 1610 ex
1053 1572 1333 1621 scriptoribus
1363 1585 1534 1622 quoque
1562 1576 1729 1624 cognita

33 1630 54 1692 ᾗῖκ
91 1632 312 1673 habemus.
349 1633 460 1673 Sunt
489 1635 611 1674 haec:

132 1780 164 1823 ²)
210 1782 347 1816 Boeckh
365 1784 406 1816 ad
429 1788 584 1817 nostram
602 1785 724 1818 insen:
742 1784 830 1817 ‘tum
846 1785 1067 1828 Megarenses
1080 1787 1332 1819 instaurandae
1347 1787 1423 1820 urbi
1437 1798 1578 1828 operam
1593 1789 1728 1822 dedisse

8 1863 51 1884 :1
89 1837 190 1872 docet
205 1840 334 1872 titulus
349 1840 392 1873 de
411 1837 564 1882 Diogene
581 1840 715 1873 Comite
731 1851 786 1882 ap.
798 1840 946 1874 Chandl.
963 1842 1066 1874 [nscr.
1081 1842 1121 1874 ΙΙ.
1136 1841 1202 1875 130
1219 1853 1250 1884 p.
1266 1842 1308 1875 79
1327 1842 1382 1884 [=
1397 1842 1481 1876 CIG.
1495 1843 1600 1886 8622,
1617 1844 1727 1877 ClGS.

45 1895 51 1908 ¹
90 1894 115 1928 L
126 1893 198 1938 26]‚
213 1906 322 1939 quem
341 1897 381 1929 ad
397 1897 616 1930 Christianos
635 1898 736 1930 reieci
754 1915 797 1920 —
813 1908 908 1931 nunc
924 1902 1044 1931 tamen
1063 1899 1163 1931 illum
1180 1899 1380 1932 Helladium
1400 1900 1493 1932 hand
1512 1902 1616 1942 paulo
1634 1902 1727 1933 anti-

7 1968 54 1992 ς,,;
88 1952 246 1994 quierem
260 1953 386 1994 iudico,
400 1963 527 1996 nempe
539 1954 647 1987 etiam
662 1958 745 1987 ante
758 1954 845 1987 illud
861 1958 1002 1997 tempus
1015 1956 1132 1997 plures
1143 1956 1292 1998 Megaris
1304 1957 1347 1989 (le
1361 1957 1588 1990 restituendis
1600 1968 1726 1990 monu-

11 2006 55 2049 J·
89 2008 218 2042 mentis
234 2010 350 2043 meriti
367 2013 463 2051 sunt,
481 2013 521 2042 ut
536 2020 558 2043 a
570 2010 738 2044 Pontifice
751 2011 905 2053 quodam
920 2012 956 2043 in
972 2012 1094 2044 urbem
1108 2012 1376 2045 instaurandam
1391 2017 1556 2055 sumptus
1568 2018 1727 2055 erogatus

6 2083 51 2114 s'
87 2073 180 2107 esse,
204 2065 344 2098 videtur
367 2076 401 2099 n.
424 2066 514 2099 1065
539 2065 595 2108 [=
621 2066 732 2100 ClGS.
759 2068 782 2100 1.
807 2066 888 2109 179]
915 2068 1056 2109 docere;
1082 2071 1118 2101 et
1136 2072 1255 2110 postea
1269 2069 1454 2102 Herculius
1471 2071 1565 2102 varia
1578 2070 1726 2111 Megaris

6 2115 15 2168 ζ
86 2129 192 2162 opera
212 2122 370 2155 restituit
392 2122 442 2163 (n.
466 2122 550 2156 1081
579 2121 636 2164 [=
663 2119 770 2156 Kaib.⁴
785 2122 870 2166 913,
895 2123 1005 2157 ClGS.
1032 2125 1056 2156 1.
1081 2123 1178 2166 93D'.
1205 2125 1390 2158 Praeterea
1407 2126 1658 2159 conserendum
1673 2131 1726 2158 cst

86 2175 303 2219 epitaphium
336 2177 471 2222 Orsippi
504 2178 604 2221 (CIG.
629 2178 737 2221 1050,
763 2180 859 2212 Kaib.
885 2179 971 2222 843,
995 2180 1103 2214 ClGS.
1132 2182 1154 2213 Ι.
1181 2181 1243 2223 52,
1268 2181 1463 2214 ilicks-Ilill
1489 2181 1543 2223 1),
1576 2183 1610 2215 in
1638 2184 1724 2215 valle

4 2228 54 2283 {³ss
87 2228 283 2275 Megarensi
298 2238 489 2276 repertum,
509 2235 602 2277 quod
622 2232 835 2277 ‘antiquitus
852 2236 956 2278 lapidi
976 2241 1030 2269 est
1046 2237 1266 2279 inscriptum,
1285 2241 1361 2270 tum
1379 2242 1577 2280 temporum
1596 2239 1725 2271 invidia

86 2286 254 2322 detritum
277 2290 322 2323 ab
345 2291 456 2324 altero
482 2291 640 2324 Helladio
666 2292 874 2324 restitutum
900 2292 963 2324 est'
988 2291 1138 2334 (Kana),
1162 2294 1204 2326 cf.
1231 2294 1332 2326 Paus.
1360 2295 1383 2327 Ι.
1408 2294 1460 2326 41.
1486 2294 1515 2327 1.

129 2343 160 2383 ⁸)
204 2346 296 2379 Ante
331 2347 521 2390 Bergkium
559 2347 621 2380 viri
656 2348 747 2380 docti
784 2347 962 2390 (noemin,
998 2349 1264 2391 Schneidewin,
1300 2351 1375 2391 alii)
1414 2351 1477 2383 hoc
1512 2361 1565 2392 cp.
1601 2352 1722 2393 respici

3 2394 49 2415 ¹¹
86 2403 300 2443 putaverunt
333 2403 367 2436 in
403 2403 518 2437 Schol.
552 2404 696 2438 Theocr.
733 2404 805 2437 ΧΠ.
841 2404 883 2437 27
921 2403 1061 2437 Νισαῖοι
1088 2403 1265 2448 Μεγαρεῖς
1289 2403 1526 2447 ἀριστεύοντες
1549 2404 1720 2448 ἐρετμοῖς]

22 2450 51 2481 Ϊ’
84 2453 146 2489 καὶ
180 2454 385 2501 Σιμωνίδης
418 2455 554 2492 ἐπαινεῖ
583 2457 664 2495 τοὺς
699 2458 886 2502 Μεγαρεῖς.
935 2461 1033 2499 Quod
1071 2462 1099 2494 si
1136 2467 1228 2494 recte
1265 2462 1466 2495 observasse
1502 2463 1721 2505 viderentur,

27 2507 223 2555 ri-pmeter
255 2516 503 2557 grammaticos
539 2516 794 2549 Alexandrinos
829 2516 1085 2550 Callimachum
1121 2516 1171 2559 (§§
1206 2518 1270 2559 ⁶24,
1306 2518 1410 2561 132),
1449 2519 1719 2561 Aristophanem

4 2569 9 2612 j
86 2564 293 2612 Byzantium
324 2570 358 2612 (ἓ
380 2571 458 2614 37),
490 2572 751 2606 Aristodemum
783 2571 816 2614 (ἓ
841 2573 916 2614 77),
950 2573 1097 2607 fortasse
1129 2580 1297 2616 quartum
1332 2576 1513 2617 acquirere
1542 2586 1722 2617 possemus

85 2615 357 2668 mmmaticum
390 2627 687 2671 Alexandrinum,
719 2629 781 2672 qui
809 2629 977 2672 Syllogen
1002 2629 1239 2663 Simonidcam
1263 2631 1492 2664 adhibuisset.
1529 2632 1593 2665 Sed
1621 2633 1720 2664 lurn-

42 2679 220 2717 ¹*inlitum
243 2685 298 2715 est
318 2699 363 2706 —
388 2693 503 2727 neque
527 2685 559 2717 id
586 2685 679 2727 sugit
702 2686 893 2728 Berginium
918 2685 975 2726 (fr.
1000 2685 1081 2727 199)
1114 2704 1156 2709 —-
1185 2687 1341 2719 scholion
1366 2688 1480 2720 dicere
1504 2687 1718 2720 Simonidem

83 2737 332 2778 praedicavisse
355 2740 578 2782 Megarenses
603 2745 640 2774 ut
665 2738 909 2783 ἀριστεύοντας
933 2739 1107 2784 ἐρετμοῖς,
1134 2744 1186 2775 vel
1214 2747 1253 2776 nt
1279 2744 1451 2776 recentior
1471 2744 1664 2776 Scholiasta
1688 2745 1717 2776 M

3 2808 6 2810 ·
55 2790 61 2838 '¹
82 2791 180 2826 addit
211 2793 318 2837 (apud
355 2796 502 2829 Ahrens.
539 2797 619 2830 Buc.
656 2797 712 2830 Gr.
753 2798 791 2830 ll.
826 2797 908 2838 351)
943 2795 1106 2840 ἀρίστους
1144 2796 1183 2831 τὰ
1217 2797 1374 2831 ναυτικά.
1411 2800 1524 2832 Schol.
1562 2801 1718 2832 Amin-02.

48 2859 63 2897 5]
82 2845 247 2892 (Ziegler,
276 2849 356 2884 cod.
389 2852 547 2886 Ambros.
579 2852 645 2886 222
677 2853 792 2886 Schol.
826 2854 862 2887 in
886 2854 1048 2896 Theocr„
1083 2855 1233 2897 'l'ubing.
1258 2855 1344 2887 1867
1370 2866 1399 2897 p.
1426 2855 1484 2891 77)
1517 2857 1647 2897 optime
1671 2857 1718 2887 sic

49 2908 66 2935 .’
83 2904 224 2946 praebet
253 2907 426 2941 scholion:
457 2912 685 2951 μαρτυρεῖ
708 2906 748 2941 δὲ
770 2907 887 2945 αὐτοῖς
912 2908 1118 2952 Σιμωνίδης
1141 2909 1375 2953 ναυτικήν.
1415 2911 1536 2953 ltaque
1562 2922 1628 2943 non
1656 2913 1718 2943 lio«-

36 2959 296 3003 sspignmmn
329 2968 464 3006 spectat
493 2964 709 3006 Scholiasta,
743 2966 803 2999 sed
835 2976 1002 3007 carmen,
1039 2977 1110 3008 quo
1142 2967 1338 3000 Simonides
1372 2967 1594 3007 Megarenses
1625 2969 1716 2999 rolo-

6 3027 7 3030 ¹
79 3014 251 3062 hoevemt.
286 3019 409 3053 Kaibel
442 3031 474 3062 p.
496 3020 562 3053 455
594 3021 670 3054 iure
702 3022 850 3063 Bergkio
884 3023 1075 3055 assentitus
1098 3026 1170 3063 est,
1203 3023 1261 3055 sed
1289 3023 1416 3055 iniuria
1441 3024 1640 3064 suspicatus
1664 3028 1717 3055 nst

2 3070 10 3078 ²
44 3073 339 3124 'gepiqrammnti
362 3086 403 3109 ex
430 3076 494 3110 hoc
517 3078 591 3120 ipso
615 3078 746 3111 scholio
769 3078 958 3111 Simonidis
984 3089 1110 3112 nomen
1136 3079 1330 3111 accessisse.
