2072 3568
406 227 506 276 Cap.
541 226 597 265 11.
1199 225 1246 265 74

405 354 474 389 tur
501 349 578 399 ⁵¹),
626 350 736 389 intra
780 361 991 389 annorum
1034 350 1248 389 335—300
1290 350 1500 401 spatium,
1546 350 1695 401 utique
1734 350 2044 403 posterioribus

403 416 543 466 quarti
574 415 729 455 saeculi
759 415 988 465 decenniis,
1022 415 1260 466 ponendam
1284 427 1381 455 esse
1397 415 1592 467 Syllogea
1611 415 1820 467 originem
1837 416 2043 458 constitn-

402 482 559 520 endum
588 483 665 520 est.
698 480 932 520 Verisimile
960 485 1102 520 autem
1133 480 1301 520 videtur
1330 481 1508 531 propius
1526 480 1581 521 ad
1607 481 1882 523 recentiorem
1900 482 2043 524 terni·

404 558 504 586 num
536 558 665 596 quam
694 546 747 585 ad
779 546 1053 585 vetustiorem
1081 546 1280 586 accedere
1307 546 1399 586 eius
1427 548 1620 587 aetatem.
1662 545 1902 599 Scriptore·
1926 546 2043 589 onim

403 612 589 652 historici
628 612 935 662 epigrammata
973 610 1173 651 exhibere
1201 611 1337 651 solent
1365 611 1526 662 taliter,
1567 612 1751 663 qualiter
1777 612 1820 654 ln
1849 612 2043 655 connisus

403 677 679 727 praebentur;
710 676 824 727 quod
854 676 985 727 igitur
1013 676 1213 716 Timaeus
1236 677 1355 717 iuxta
1380 677 1702 729 Theopompum
1725 677 1922 719 adhibuit
1947 677 2042 731 syl-

401 743 523 794 logen
542 742 848 792 simoniacam,
877 742 918 782 id
939 754 1122 794 arguere
1137 742 1306 782 videtur
1323 742 1680 794 epigrammatum
1698 742 2040 784 Simonidem-um

401 808 752 858 conquisitionem
790 806 921 848 haud
958 806 1106 848 multo
1145 808 1254 848 ante
1289 808 1444 848 factam
1473 808 1632 849 Timaei
1666 808 1857 849 animum
1891 808 2042 850 adver·

401 874 515 913 tisse.
562 874 714 923 Itaque
754 874 864 913 circa
907 885 1070 913 annum
1109 874 1188 913 310
1228 873 1429 925 Syllogen
1466 877 1605 914 ortam
1643 885 1739 915 esse
1773 875 1917 916 ratum
1953 885 2048 916 non

402 939 527 978 nimis
556 950 623 978 me
651 939 864 978 erravisse
892 941 1008 990 puto.

456 1004 655 1055 Syllogen
694 1004 870 1044 Athenis
907 1004 1141 1044 confectam
1170 1016 1265 1044 esse
1292 1016 1343 1044 ex
1380 1004 1642 1045 Athenarum
1673 1005 1717 1045 in
1744 1004 1896 1046 litteris
1922 1007 2041 1047 statu

399 1070 624 1110 effecerim.
670 1070 870 1109 Timaeus
907 1082 1000 1109 eam
1030 1070 1086 1108 ibi
1115 1070 1337 1121 cognovit,
1380 1070 1452 1109 ubi
1482 1070 1581 1110 inde
1607 1070 1664 1110 ab
1691 1081 1808 1111 anno
1833 1070 1915 1111 816
1939 1070 2041 1113 aul

398 1139 686 1175 commoratus
714 1147 809 1175 esse
829 1136 997 1175 videtur
1014 1135 1084 1185 52).
1117 1136 1224 1174 Nam
1244 1147 1296 1175 ex
1316 1135 1603 1176 Alexandrina
1624 1135 1906 1188 Bibliotheca,
1929 1146 2042 1188 qnae

399 1201 625 1251 postremis
666 1201 838 1241 demum
876 1201 1017 1252 quarti
1057 1201 1213 1241 saeculi
1252 1202 1379 1240 annis
1415 1201 1539 1241 condi
1577 1203 1724 1252 coepta
1760 1203 1848 1253 est,
1893 1201 1967 1242 vix
2000 1200 2042 1243 ot

398 1266 661 1306 innotescere
689 1267 837 1317 potuit.

452 1332 558 1378 Quis
596 1333 723 1372 fuerit
752 1332 957 1372 Collector
985 1332 1157 1371 difficile
1185 1332 1300 1371 dictu
1329 1335 1416 1383 est,
1458 1332 1532 1372 sed
1561 1331 1886 1374 cuius-scholae
1909 1332 2041 1374 {nuit

398 1398 573 1447 assecla,
592 1398 634 1436 id
649 1398 802 1448 opinor
816 1398 994 1438 indicari
1011 1409 1148 1448 posse.
1178 1397 1302 1443 Quod
1319 1398 1477 1438 sciebat
1491 1398 1534 1437 in
1550 1397 1788 1438 Aristotelia
1802 1397 2040 1439 Rhetoricis

399 1463 580 1502 inveniri
610 1464 871 1514 epigramma
905 1463 1136 1503 Simonidis
1167 1463 1338 1503 nomine
1364 1465 1585 1514 ornatum,
1617 1462 1659 1502 id
1688 1462 1774 1503 iam
1800 1462 2038 1504 domnum

400 1529 446 1567 in
473 1529 551 1568 hoc
580 1529 688 1568 libro
712 1529 847 1568 fuisse
867 1530 1098 1568 versatum.
1132 1528 1379 1567 Videbimus
1400 1530 1545 1578 postea
1566 1528 1689 1568 valde
1705 1538 1803 1568 eece
1819 1527 2040 1580 probabile

398 1594 507 1633 inter
543 1594 795 1644 scriptores,
837 1606 946 1644 quos
980 1594 1336 1644 epigrammatum
1365 1594 1757 1644 conquirendorum
1783 1603 1917 1635 causa
1942 1604 2038 1645 per·

398 1659 613 1710 volvisset,
638 1659 773 1698 fuisse
787 1658 1177 1710 philosophorum
1197 1659 1411 1709 quendam
1432 1659 1719 1710 biographum
1740 1657 1788 1712 (fi
1810 1656 1895 1711 ⁷5).
1926 1658 2038 1701 Cum

400 1727 616 1775 praeterea
645 1725 1001 1776 epigrammatum
1034 1724 1375 1764 Simonideorum
1396 1725 1583 1765 collectio
1602 1736 1626 1765 a
1647 1724 1802 1765 studiis
1820 1723 2038 1765 fitterarlit

398 1802 481 1830 non
511 1790 761 1840 abhorreat,
794 1791 836 1829 in
866 1802 978 1840 quae
1006 1790 1309 1830 incumbebant
1339 1791 1633 1841 Praxiphanes
1664 1789 1904 1831 Demetrius
1927 1788 2037 1831 Phn-

395 1855 535 1895 lereus
585 1855 676 1906 (qui
725 1856 833 1895 idem
882 1856 1071 1895 officium
1122 1857 1286 1905 Aesopo
1312 1855 1367 1905 ἃ4)
1418 1856 1627 1906 praestitit
1672 1854 1789 1906 quod
1830 1855 2037 1897 collector

370 1921 624 1971 ·Simonidi)
669 1922 737 1960 alii
780 1922 1015 1960 Aristotelis
1054 1923 1304 1971 sectatores„
1352 1922 1462 1960 inter
1500 1921 1801 1972 Peripateticos
1836 1920 2034 1962 mnus

395 1987 536 2037 quarti
566 1987 723 2026 saeculi
754 1987 1028 2027 Collectorem
1058 1987 1194 2026 fuisse
1220 1986 1475 2026 contendere
1504 1987 1611 2026 licet.

450 2053 565 2103 Ergo
593 2052 742 2092 aetatis
774 2052 968 2103 Sylloges
999 2051 1268 2091 Simonideae
1295 2052 1654 2102 circumscriptio,
1694 2062 1824 2103 quam
1852 2050 2035 2103 nequid·

396 2118 558 2168 vimus,
591 2118 787 2158 convenit
815 2118 964 2157 iisdem
994 2118 1279 2168 temporibus,
1312 2117 1471 2167 quibus
1500 2118 1583 2157 iam
1607 2120 1838 2168 antequam
1861 2126 2039 2158 aemn-

395 2184 523 2223 tiores
560 2184 764 2223 terminos
801 2184 1094 2234 quaesivimus
1132 2184 1256 2222 unice
1292 2183 1649 2234 epigrammatum
1689 2182 2033 2224 simoniacorum

393 2248 676 2288 collectionem
706 2249 880 2299 cogitari
911 2260 1037 2299 posse
1064 2249 1311 2288 dicebamus
1342 2247 1390 2299 (ξ
1420 2247 1506 2298 24).

450 2313 476 2365 ξ
515 2314 579 2354 38.
650 2313 718 2354 De
752 2313 952 2354 historia
989 2313 1209 2366 Sylloyes.
1280 2315 1447 2364 Restat,
1494 2316 1541 2353 ut
1579 2314 1799 2354 historiam
1838 2313 2034 2366 Syllogee

397 2379 664 2419 Simonideae
692 2380 876 2419 breviter
905 2391 1140 2430 persequar
1166 2379 1236 2429 5⁸).
1275 2380 1618 2419 Consentaneum
1647 2380 1713 2419 est
1740 2378 1822 2419 hoc
1850 2378 2033 2420 Simoni-

438 2544 484 2585 51)
531 2546 666 2589 Scripta
699 2548 792 2580 enim
831 2548 993 2581 videntur
1029 2552 1103 2589 post
1142 2548 1285 2581 l‘olitica
1317 2553 1353 2580 et
1385 2549 1461 2580 libr.
1493 2548 1536 2580 ‹le
1571 2549 1655 2581 Arte
1688 2548 1846 2587 l'oetica.
1877 2556 2032 2591 qnorum

394 2603 489 2644 prius
511 2613 599 2644 opus
624 2608 700 2644 post
726 2603 874 2645 Philippi
901 2608 1050 2636 mortem
1074 2604 1274 2636 contectum
1294 2609 1358 2636 est.
1383 2604 1434 2636 (Ὗ.
1449 2603 1584 2637 Geoeke
1600 2601 2031 2637 Pw.—m·'.11.¹oei—4.

435 2657 482 2697 52)
528 2658 706 2691 Schwartz
731 2659 1095 2701 He··1n.34.1890p.
1122 2659 1196 2692 48⁶2.

437 2713 484 2754 ⁵3)
529 2714 632 2747 Teste
670 2715 764 2757 Diog.
798 2716 911 2748 Laeit.
945 2715 981 2747 V
1013 2715 1074 2747 80:
1108 2713 1236 2758 πλήθει
1261 2713 1300 2747 δὲ
1322 2713 1472 2757 βιβλίων
1496 2713 1557 2747 καὶ
1580 2713 1728 2758 ἀριθμῷ
1750 2713 1884 2758 στίχων
1903 2710 2040 2758 οχιδὸϊ

392 2768 544 2806 ἅπαπας
574 2768 798 2814 παρελήλακε
828 2775 888 2812 (sc.
924 2772 1124 2804 Demetrius
1156 2771 1362 2811 Phalereus)
1387 2769 1466 2807 τοὺς
1491 2769 1572 2803 και’
1593 2769 1701 2803 αἰτόν
1725 2767 2031 2814 Περιπατητικοὺς

498 2851 539 2868 .,
563 2823 615 2859 ὧν
637 2824 707 2860 ἔστι
733 2825 772 2860 τὰ
794 2824 860 2868 μὲι
886 2852 983 2859 ....
1011 2824 1051 2859 τὰ
1075 2825 1114 2859 δὲ
1265 2825 1420 2866 ,riv-<¹11
1408 2826 1481 2870 ιιὴν
1504 2826 1565 2860 καὶ
1588 2826 1736 2869 λόγων
1758 2824 2031 2860 Αἰσωπείων

393 2880 652 2925 συναγωγαὶ
680 2880 741 2916 καὶ
765 2881 852 2916 ἄλλα
874 2882 995 2915 πλείω.

435 2937 482 2977 5¹)
531 2939 578 2971 De
601 2938 761 2982 Sylloges
783 2940 1006 2973 Simonideae
1032 2941 1234 2973 recensione
1261 2941 1570 2982 Peloponnesium,
1601 2950 1710 2983 quam
1734 2940 1914 2983 quondam
1936 2939 2029 2972 exti-

393 2996 474 3027 tisse
507 2997 688 3038 poetisque
720 2996 867 3029 Scholae
901 2996 1212 3038 Peloponnesiacae
1243 2998 1543 3039 epigratnunaticis
1574 2997 1735 3030 imitandi
1766 2998 1902 3039 copim
1925 3004 2028 3039 pne·

392 3051 507 3082 baisse
527 3052 737 3092 persuadere
754 3053 817 3085 sibi
837 3057 873 3086 et
890 3052 1083 3085 lectoribus
1096 3057 1245 3086 conatu·-
1262 3053 1498 3086 Reitzenstein
1518 3064 1548 3095 [ι.
1564 3052 1627 3085 135
1642 3063 1738 3095 sqq.,
1760 3062 1870 3094 panca
1884 3055 2028 3086 tantum

393 3107 478 3138 inihi
503 3107 663 3140 addenda
688 3113 768 3141 sunt
796 3113 871 3151 post
895 3119 955 3148 ea,
980 3118 1072 3150 quae
1096 3107 1114 3149 ἓ
1135 3107 1180 3141 23
1203 3109 1246 3141 de
1270 3109 1366 3141 illius
1388 3109 1514 3142 studiis
1537 3109 1618 3141 dixi.
1659 3108 1737 3141 Non
1760 3110 1875 3142 solum
1898 3109 2030 3142 nititur
