2072 3568
386 233 486 282 Cap.
523 231 555 271 1.
1176 229 1228 270 32

385 359 447 396 est
491 357 531 395 in
576 356 805 406 scriptores
850 355 1128 404 recentiores,
1174 355 1246 405 qui
1290 354 1605 405 antiquioribus
1647 355 1956 408 scriptoribus,
1999 366 2027 400 a

385 422 544 472 quibus
566 422 633 462 illa
659 421 828 461 traditio
849 424 1018 471 accepta
1039 424 1149 470 erat,
1177 421 1242 460 usi
1266 423 1388 470 sunt,
1413 421 1531 460 litera
1554 421 1587 460 Α
1609 421 1785 472 notabo,
1809 420 2027 464 rmntio-

385 499 478 527 πψτη
505 490 644 526 autem
667 485 877 538 Sylloyes
895 484 1194 526 Simonideae
1217 485 1335 525 litera
1359 485 1403 525 S.
1436 485 1557 531 Quae
1578 485 1794 527 distinctio
1814 498 1867 527 eo
1888 487 2028 539 magis

387 540 624 592 necessaria
662 552 763 601 erit,
804 551 918 602 quod
959 554 1102 602 postea
1144 550 1266 590 nobis
1304 551 1525 601 apparebit
1562 551 1833 592 traditionem
1873 551 1905 593 S
1940 563 2025 594 non

386 619 521 657 solum
552 618 795 667 discrepare
823 629 846 656 a
876 617 1102 657 traditione
1130 616 1162 655 Α
1191 627 1239 655 ea
1271 627 1338 665 re,
1379 616 1495 666 quod
1525 617 1847 667 epigrammatis
1874 617 1917 658 in
1946 617 2029 659 hae

386 684 611 735 anonymis
654 683 945 723 auctoritatem
993 682 1278 722 Simonideam
1318 681 1467 732 adicit,
1514 682 1587 722 sed
1626 682 1753 722 etiam
1788 682 1905 733 quod
1942 682 2028 734 ple-

388 761 568 799 rumque
603 749 960 799 epigrammatum
998 750 1206 787 textum
1244 747 1414 787 exhibet
1452 748 1735 788 diversum
1772 747 1829 788 ab
1864 758 1937 799 so,
1980 748 2027 789 in

386 827 472 866 quo
499 816 744 865 comparent
773 813 815 852 in
846 812 1073 852 traditione
1101 812 1354 862 antiquiore.

443 882 493 921 Ut
530 880 815 920 constituatur
851 878 953 929 quid
993 878 1246 917 testimoniis
1285 878 1359 927 iis,
1400 889 1511 927 quae
1550 877 1724 930 Sylloge
1757 878 2024 930 innituntur,

386 947 659 987 tribuendum
691 945 767 994 sit,
800 947 887 984 tres
917 946 1018 983 sunt
1048 943 1278 983 solvendae
1305 943 1600 994 quaestiones,
1634 944 1676 983 in
1705 944 1867 995 quibus
1886 944 2029 985 omnis

389 1013 567 1052 vertitur
587 1011 850 1061 quaestionis
873 1009 1141 1048 Simonideae
1161 1009 1375 1048 tractatio:
1408 1008 1448 1058 1)
1478 1009 1654 1059 quando
1671 1009 2027 1062 epigrammatum

390 1079 561 1129 Sylloge
579 1075 810 1116 Simonidis
832 1075 1001 1114 nomine
1020 1074 1223 1124 inscripta
1243 1074 1379 1113 extitit
1398 1074 1559 1124 quique
1577 1085 1706 1114 casus
1723 1075 1819 1115 eius
1831 1074 2027 1126 tuoruum

386 1144 428 1193 2)
468 1155 518 1182 ex
558 1142 716 1192 quibus
749 1140 1036 1190 qualibusque
1064 1139 1254 1179 tontibus
1282 1139 1589 1190 epigrammata
1621 1139 1817 1191 synogas
1846 1139 2028 1181 Simoni·

387 1210 490 1249 deae
528 1207 654 1259 petita
691 1209 811 1254 sunt;
856 1206 899 1256 3)
939 1217 1050 1256 quae
1077 1217 1199 1256 epp.,
1242 1216 1353 1255 quae
1380 1205 1495 1255 apud
1524 1205 1755 1255 scriptores
1785 1204 2030 1246 Simoniden

388 1274 557 1314 nomine
584 1275 734 1312 ornata
763 1273 978 1323 leguntur,
1011 1271 1064 1310 ad
1090 1271 1227 1321 ipsam
1256 1270 1456 1321 Syllogen
1484 1270 1771 1312 Simonideam
1796 1273 1902 1312 mut
1922 1270 2030 1312 reie-

389 1340 542 1389 renda,
574 1350 686 1388 quae
713 1341 853 1378 autem
886 1337 1042 1376 habent
1071 1337 1196 1376 aliam
1228 1336 1459 1376 Simonidei
1485 1336 1669 1376 nominis
1692 1337 1915 1388 originem.
1947 1335 2030 1377 ms

388 1404 711 1456 quaestionibus
746 1403 797 1442 in
829 1403 924 1442 hac
955 1402 1140 1452 priore
1168 1402 1333 1440 huius
1362 1402 1846 1442 commentationis
1874 1403 2031 1454 parte

387 1482 558 1521 operam
588 1469 799 1509 dabimus.

441 1537 549 1575 Tum
571 1535 742 1574 demum
761 1533 978 1583 explorata
1000 1533 1240 1590 traditionis
1260 1533 1436 1572 historia
1455 1533 1571 1572 omni
1594 1533 1647 1572 in
1676 1533 1846 1574 altera
1874 1534 2031 1584 parte

389 1601 606 1651 inquisitio
635 1599 798 1639 institui
828 1599 1002 1648 poterit,
1035 1610 1119 1647 qua
1149 1598 1454 1647 constituatur,
1487 1610 1698 1648 quaenam
1726 1597 1916 1650 gannim
1940 1597 2030 1639 sint

389 1669 497 1706 inter
525 1678 573 1706 ea
602 1666 908 1716 epigrammata
937 1675 1048 1713 quae
1080 1663 1366 1702 Simonideam
1397 1664 1691 1703 auctoritatem
1720 1665 1875 1704 nancta
1898 1665 2025 1715 sunt,

389 1734 454 1772 vel
484 1732 646 1782 potius,
684 1733 898 1780 quatenus
928 1729 1037 1768 inter
1065 1729 1372 1779 epigrammata
1402 1732 1548 1779 postea
1580 1728 1788 1768 Simonidi
1815 1728 2029 1769 vindicata

389 1798 597 1848 quaedam
640 1796 938 1842 inveniantur,
986 1806 1096 1843 quae
1138 1794 1231 1833 iure
1272 1798 1419 1844 poetae
1461 1794 1631 1834 nomine
1674 1794 1900 1835 videantur
1932 1803 2031 1835 enm

388 1868 551 1903 ornata.
600 1861 789 1910 Etenim,
832 1871 927 1899 cum
969 1862 1112 1909 postea
1151 1859 1485 1899 demonstraturi
1514 1860 1651 1899 simus
1679 1859 1871 1900 fontibus
1899 1859 2030 1911 pou»

389 1930 542 1968 simum
583 1939 710 1967 usum
748 1938 842 1965 esse
880 1926 1151 1966 Collectorem
1181 1924 1487 1976 scriptoribus
1517 1925 1754 1975 (Herodoto
1779 1924 2031 1977 Thucydide

393 1994 563 2045 Ephoro
591 1992 719 2042 e.g.),
753 1991 826 2040 qui
854 1990 1162 2041 epigrammata
1192 1990 1310 2029 nullo
1338 1990 1590 2040 praeberent
1620 1990 1792 2031 nomine
1814 1990 2025 2042 praedita,

391 2059 506 2099 nulla
544 2058 850 2108 epigrammata
888 2067 1102 2106 anonyma
1140 2055 1233 2094 iure
1270 2055 1478 2094 Simonidi
1507 2055 1743 2096 adiudicari
1771 2057 2025 2108 potuerunt,
2049 2103 2067 2117 ν

391 2125 471 2164 nisi
499 2136 570 2173 ea,
612 2134 796 2172 quorum
827 2122 935 2160 forte
965 2122 1135 2161 fortuna
1165 2121 1337 2160 traditio
1364 2121 1541 2171 antiqua
1570 2121 1614 2160 in
1643 2121 1895 2173 scriptores,
1934 2120 2030 2163 Od-

390 2190 556 2230 lectoris
594 2190 754 2237 fontes,
796 2187 1057 2235 transiisset,
1100 2189 1228 2236 atque
1266 2199 1438 2226 neeesse
1474 2190 1537 2226 est
1577 2187 1688 2226 inter
1720 2186 2028 2239 epigrammi-

393 2255 660 2295 Simonideae
678 2253 871 2303 Sylloges
892 2263 1103 2302 perpauca
1124 2255 1289 2291 tantum
1311 2252 1365 2291 ab
1385 2252 1479 2302 ipso
1494 2256 1615 2303 poeta
1631 2251 1819 2302 protecta
1832 2251 2026 2298 annisa&

390 2321 535 2369 Ratio,
575 2331 659 2369 qua
697 2318 1053 2368 epigrammatum
1095 2317 1437 2356 Simonideorum
1476 2317 1583 2356 fides
1618 2318 1824 2367 tentetur,
1865 2328 1953 2358 non
1977 2327 2029 2357 α

390 2386 520 2436 igitur
561 2386 651 2433 est,
697 2395 807 2432 quae
850 2382 994 2421 multis
1037 2382 1141 2420 viris
1182 2382 1317 2422 doctis
1345 2381 1399 2431 51Ψ)
1444 2382 1627 2432 placuit,
1673 2384 1721 2422 ut
1761 2392 1788 2423 a
1829 2380 2030 2433 muisis

391 2452 668 2490 secernantur
706 2447 952 2496 subditivis,
995 2447 1069 2486 sed
1109 2450 1156 2485 ut
1194 2447 1236 2486 in
1274 2447 1630 2497 epigrammatum
1658 2446 1857 2498 congerie
1880 2445 2031 2498 depre-

391 2515 634 2554 hendantur
662 2513 894 2563 quaedam,
927 2523 1037 2561 quae
1066 2513 1273 2561 posterior
1301 2515 1418 2551 aetas
1448 2512 1596 2551 merito
1627 2510 1860 2552 Simonidis
1884 2512 2029 2554 austo-

393 2581 514 2619 ritate
550 2579 807 2618 instruxisse
843 2577 1033 2627 putanda
1071 2577 1139 2616 sit.
1185 2577 1279 2622 Qua
1309 2577 1351 2615 in
1381 2576 1679 2626 disquisitione
1705 2577 1939 2618 tenendum
1962 2579 2031 2618 est

393 2656 626 2694 numquam
643 2644 767 2683 licere
780 2643 1042 2692 epigramma
1057 2642 1358 2691 quodcumque
1374 2641 1578 2692 (exceptis
1593 2641 2038 2693 Thermopylas-ibas,

393 2710 530 2749 tribus
567 2709 641 2758 94,
683 2708 757 2757 91,
798 2707 867 2756 92)
906 2710 1078 2757 propter
1106 2707 1415 2756 cuiuscumque
1443 2707 1736 2747 auctoritatem
1763 2717 1861 2748 oum
1892 2706 2031 2748 Simo-

394 2775 490 2814 nide
530 2775 800 2824 coniungere.
848 2773 1054 2812 Accedere
1097 2783 1269 2812 necesse
1308 2775 1372 2811 est
1414 2772 1495 2811 alia
1537 2775 1815 2823 argumenta,
1859 2774 1909 2813 ut
1941 2771 2029 2823 epi·

392 2850 584 2890 gramma
613 2838 828 2888 quoddam
858 2841 1058 2888 putemus
1085 2838 1179 2876 iure
1206 2836 1411 2876 Simonidi
1442 2838 1694 2876 attributum
1723 2849 1747 2876 a
1772 2835 2026 2888 ΟοῙΙοοωῗιὉ,

392 2906 550 2955 quippe
590 2915 717 2953 quem
760 2904 882 2942 unice
925 2903 1132 2951 rationes,
1178 2914 1290 2952 quae
1324 2914 1349 2941 a
1388 2903 1561 2952 proprio
1599 2902 1754 2942 iudicio
1790 2900 2025 2953 maduit,

393 2970 593 3009 inducere
621 2969 856 3019 potuerint,
890 2971 937 3007 ut
962 2968 1168 3007 Simonidi
1198 2979 1461 3017 anonymum
1489 2968 1752 3018 epigramma
1777 2965 2025 3008 vindicaret.

437 3105 484 3147 50)
533 3107 662 3148 Bergk.
687 3106 880 3147 Ram-ette,
904 3106 974 3138 alii.
