2072 3568
955 228 1034 267 237
1527 229 1553 281 ἓ
1586 230 1683 282 138,
1719 231 1806 271 139.

174 349 344 403 βουλὰ
357 365 378 395 ς
399 350 459 402 (n.
478 349 521 401 4)
543 351 711 401 collato,
740 352 903 402 opinor,
927 353 1100 392 exordio
1120 365 1183 403 ep.
1206 353 1280 392 102
1301 353 1434 394 τῶνδε
1455 354 1508 394 δι’
1528 385 1537 394 .
1560 385 1568 394 .
1591 386 1599 394 .
1621 385 1629 394 .
1650 353 1810 407 ἀρετάν.

176 415 284 456 Cum
325 416 406 455 dici
447 428 533 455 non
577 428 703 466 posse
743 417 1002 467 intellegeret
1043 418 1086 456 in
1128 430 1193 468 ep.
1227 419 1560 468 Eurymedontio
1600 421 1674 460 142
1713 434 1752 460 V.
1785 422 1809 460 2

173 479 295 533 Αρης
336 479 524 533 ἒφέπει
568 481 648 532 (sic
688 480 759 531 A',
806 480 942 534 ἐπέχει
985 484 1096 522 recte
1133 482 1204 534 A')
1243 482 1417 529 πόλεας,
1461 485 1630 534 scripsit
1667 485 1809 537 ἐφέπει

173 543 414 597 πόλεμον
462 544 522 596 (n.
571 545 639 596 17)
688 546 871 585 fortasse
917 547 1007 586 coll.
1055 548 1104 586 ΙΙ.
1156 545 1197 586 Y
1227 548 1304 587 358
1350 548 1420 599 (ef.
1465 548 1490 600 ξ
1536 550 1586 588 60
1628 562 1669 589 n.
1711 550 1804 601 39),

173 623 259 660 qua
297 611 353 650 vde
389 623 519 650 causa
557 612 621 661 id,
668 612 782 661 quod
822 612 1035 662 sequitur,
1083 613 1337 652 vocabulum
1375 613 1547 665 θνητῶν
1585 616 1809 655 Homerico

172 674 290 716 λαῶν
339 677 487 716 cedere
538 688 710 716 necesse
758 678 861 716 erat.
923 677 1006 716 Pro
1057 690 1158 716 voce
1210 676 1454 729 δυσμενέων
1506 678 1714 732 (limam)
1765 682 1807 720 in

51 714 98 782 ²⁴1.
173 753 238 792 ep.
280 741 378 795 134,
425 753 536 791 quae
576 741 762 791 inopiam
793 734 988 781 ¹ostendit
1026 744 1234 793 auctoris,
1282 744 1503 793 requisivit
1541 746 1807 795 participium

174 804 426 859 δυσαμένων
457 805 517 857 (n.
547 806 604 857 5).

175 899 183 907 ›
226 872 384 912 Contra
412 873 522 911 duos
550 873 663 912 locos
693 884 841 912 revera
871 873 972 912 vitio
1000 874 1243 912 laborantes
1273 886 1358 913 non
1387 875 1534 925 tetigit.
1570 876 1620 914 In
1640 888 1704 926 ep.
1730 876 1803 926 96,

172 937 287 987 quod
315 938 454 976 tribus
483 938 735 977 coniecturis
759 939 1002 988 temptavit,
1035 950 1114 977 suo
1134 939 1224 978 loco
1245 939 1412 988 reliquit
1432 940 1612 979 formam
1634 941 1809 980 vitiosae

171 1003 422 1052 quantitatis
463 1001 653 1053 [[έρσᾰς,
695 1015 824 1052 quam
863 1006 1011 1042 auctor
1048 1004 1365 1054 epigrammatis
1403 1005 1676 1044 additamenti
1716 1006 1805 1057 (ΑΞ)

170 1068 403 1107 invexerat.
436 1069 583 1117 Neque
610 1069 654 1107 in
683 1080 748 1118 ep.
779 1068 876 1118 134,
909 1069 1023 1118 quod
1055 1081 1182 1108 versu
1212 1070 1349 1119 primo
1380 1071 1439 1119 (n.
1469 1069 1511 1120 5)
1542 1071 1633 1109 eius
1663 1072 1805 1110 stilum

170 1145 349 1183 passum
386 1135 471 1183 est,
513 1134 694 1172 mutavit
732 1131 826 1172 ὅπλ’
864 1131 1063 1173 ἀνέθεντο
1102 1132 1254 1183 Λᾱτοῒ,
1295 1135 1410 1183 quod
1439 1146 1536 1173 cum
1565 1135 1607 1173 in
1638 1137 1745 1175 trad.
1773 1137 1807 1175 A

170 1199 285 1248 apud
323 1199 433 1237 Plut.
470 1199 523 1238 de
560 1199 662 1238 Her.
701 1199 797 1237 mal.
837 1198 887 1238 39
925 1201 1016 1237 tum
1051 1199 1094 1237 in
1124 1199 1232 1238 trad.
1266 1199 1293 1239 S
1323 1199 1406 1238 ΑΡ.
1430 1200 1500 1238 VI.
1529 1200 1606 1239 215
1635 1201 1802 1251 legitur.

170 1263 263 1303 Hoc
292 1263 464 1314 vitium,
497 1264 612 1314 quod
641 1264 761 1303 facile
787 1264 948 1302 tollitur
976 1265 1171 1303 restituta
1199 1265 1336 1303 forma
1361 1265 1478 1304 verbi
1499 1266 1635 1305 activa
1656 1265 1807 1306 ἀνέθεν

117 1325 124 1327 “
172 1327 414 1380 (Blomfield
443 1328 587 1379 ceteri)
618 1341 703 1368 non
733 1341 830 1368 cum
862 1330 1175 1368 Wilamowitzio
1204 1342 1244 1379 p.
1278 1330 1355 1369 309
1385 1342 1426 1369 n.
1460 1331 1484 1369 2
1509 1331 1683 1370 fortuito
1703 1333 1805 1371 duo-

170 1405 268 1432 rum
304 1394 576 1433 librariorum
615 1405 795 1443 prorsus
824 1394 1094 1433 diversorum
1123 1392 1388 1444 corruptelae
1416 1396 1643 1434 consensui
1673 1396 1805 1435 tribu-

168 1458 328 1498 endum
364 1460 450 1508 est,
493 1459 589 1509 sed,
631 1461 679 1498 ut
712 1460 755 1498 in
785 1471 849 1509 ep.
885 1459 961 1498 140
991 1460 1191 1498 vitiosum
1222 1457 1463 1511 ἐλεύθερον
1492 1472 1588 1499 cum
1618 1461 1660 1499 in
1692 1461 1801 1500 Plut.

171 1522 242 1575 (A)
282 1526 374 1563 tum
411 1525 455 1563 in
493 1525 575 1563 ΑΡ.
612 1523 681 1575 (S)
722 1526 940 1564 servatum
973 1524 1019 1576 (ξ
1052 1524 1212 1575 137,3),
1253 1525 1336 1564 iam
1368 1526 1525 1575 Ephori
1556 1528 1596 1564 et
1624 1526 1806 1566 fortasse

169 1589 275 1628 fonti
304 1590 465 1640 Ephori
498 1589 750 1640 (defensioni
780 1589 1112 1640 Corinthiacae),
1145 1602 1197 1629 ex
1217 1602 1302 1640 quo
1321 1603 1385 1640 ep.
1406 1593 1445 1629 et
1465 1591 1507 1629 in
1530 1592 1805 1630 Plutarchum

167 1655 208 1694 et
250 1666 325 1705 per
367 1655 639 1695 Collectorem
682 1656 1029 1705 Meleagrumque
1070 1656 1113 1694 in
1156 1656 1281 1694 Anth.
1326 1656 1612 1706 Cephalanam
1655 1657 1800 1707 fluxit,

157 1719 501 1775 ,adiudicandum
532 1722 608 1759 est.

224 1784 404 1835 Saepius
434 1786 672 1825 sollicitavit
699 1786 814 1826 locos
844 1798 927 1825 non
958 1787 1203 1825 intellectos.
1238 1787 1287 1824 In
1318 1798 1382 1836 ep.
1416 1786 1467 1826 96
1498 1787 1690 1826 Doricam
1721 1788 1804 1826 for-

167 1862 280 1890 mam
323 1849 399 1902 ἅμ’
438 1868 491 1883 =
533 1849 615 1901 ἁμὲ
659 1850 807 1903 (ἡμᾶς)
852 1863 930 1901 pro
973 1851 1284 1901 praepositione
1326 1850 1414 1902 ἅμα
1452 1852 1622 1902 habuit,
1668 1864 1799 1902 quae,

167 1927 265 1955 cum
293 1917 537 1967 genetivum
566 1914 746 1960 Αἴαντος
775 1928 976 1966 respuere
1005 1917 1240 1967 videretur,
1273 1917 1327 1956 ab
1356 1929 1404 1956 eo
1433 1929 1638 1956 conversa
1667 1920 1731 1956 est
1759 1919 1802 1957 in

165 1979 256 2033 μετ’
295 1981 355 2033 (n.
400 1981 455 2032 1).
504 1983 604 2022 Post
645 1982 964 2032 epigrammatis
1010 1982 1085 2021 140
1127 1982 1419 2021 hexametrum
1463 1983 1646 2032 priorem
1687 1983 1799 2034 ipse,

166 2058 263 2086 cum
302 2047 483 2086 formam
521 2046 611 2086 aab
647 2059 731 2086 non
769 2049 1039 2097 agnosceret,
1082 2049 1394 2097 pentametrum
1431 2059 1614 2097 eumque
1651 2049 1802 2087 coloris

167 2112 364 2152 rhetorici
401 2113 566 2151 infersit
606 2111 666 2163 (n.
710 2111 801 2162 13),
843 2113 895 2151 cf.
944 2111 968 2162 ξ
1002 2112 1134 2162 137,3.
1184 2113 1234 2151 In
1264 2124 1328 2163 ep.
1364 2113 1439 2151 137
1469 2113 1652 2163 neglexit
1680 2135 1731 2140 —
1760 2114 1802 2152 id

166 2177 281 2226 quod
310 2189 395 2216 non
425 2177 571 2216 debuit
603 2200 650 2204 ——
678 2178 891 2227 epitheton
921 2175 1179 2229 ἀγχεμάχων
1199 2176 1270 2239 4η.
1304 2176 1371 2227 6),
1404 2189 1490 2226 quo
1511 2177 1658 2216 Graeci
1680 2179 1801 2217 hasta

166 2242 359 2281 cominus
389 2245 631 2293 pugnantes
659 2244 936 2292 opponuntur
966 2242 1108 2282 Persis
1137 2240 1407 2294 τοξοφόροις;
1438 2243 1613 2281 eandem
1635 2245 1801 2292 opposi-

165 2307 322 2347 tionem
359 2310 504 2347 extare
539 2308 583 2346 in
621 2319 685 2358 ep.
731 2308 805 2347 105
844 2319 941 2346 eum
981 2308 1157 2347 latuisse
1195 2308 1363 2347 videtur
1394 2307 1464 2358 (cf.
1501 2306 1526 2358 ξ
1561 2308 1634 2346 127
1665 2307 1796 2358 sqq).

167 2372 293 2423 Fugit
330 2385 426 2412 eum
465 2373 530 2412 vis
570 2373 772 2423 simplicis
811 2373 929 2412 verbi
968 2371 1163 2424 ἐβούλετο
1191 2373 1233 2411 in
1264 2384 1328 2422 ep.
1364 2373 1439 2411 137
1471 2372 1531 2423 (n.
1564 2371 1629 2423 8),
1661 2384 1686 2412 a
1715 2385 1801 2423 quo

166 2438 297 2478 verbo
326 2438 369 2477 in
397 2450 462 2488 ep.
489 2438 564 2477 102
589 2438 679 2488 ipse
704 2450 859 2478 manus
879 2438 1098 2477 abstinuit.
1132 2438 1204 2487 Id,
1233 2438 1347 2487 quod
1369 2438 1578 2488 reposuit,
1611 2437 1800 2490 ἐμήδετο

166 2515 320 2543 rursus
362 2504 405 2543 in
448 2515 577 2543 causa
619 2503 754 2543 fuisse
795 2504 985 2553 videtur,
1032 2515 1108 2542 cur
1150 2506 1332 2542 mutaret
1371 2515 1516 2542 vocem
1554 2506 1799 2553 sequentem

164 2565 251 2621 Μή
265 2567 354 2613 ὀοις
394 2569 437 2608 in
484 2566 687 2621 Πέρσαις,
733 2581 995 2619 quamquam
1037 2581 1086 2608 eo
1129 2569 1300 2607 nomine
1340 2569 1435 2607 belli
1479 2569 1626 2608 Medici
1665 2571 1800 2608 aetate

165 2633 314 2674 Graeci
343 2635 497 2674 Persas
525 2635 751 2685 designare
779 2646 864 2673 non
894 2634 1086 2673 solebant
1104 2633 1155 2684 9).

217 2699 550 2750 Nonnumquam
581 2700 799 2740 Collectori
818 2700 899 2739 alia
919 2692 1013 2750 epp.
1038 2700 1080 2738 in
1105 2699 1303 2749 Syllogen
1326 2700 1490 2748 recepta
1511 2699 1799 2756 praebuerunt

165 2763 256 2803 sive
283 2765 476 2804 mutandi
505 2776 678 2805 causam
709 2765 799 2804 sive
826 2764 1065 2815 corrigendi
1095 2765 1324 2803 materiem.
1358 2764 1436 2813 Ep.
1459 2764 1553 2813 141,
1578 2764 1692 2813 quod
1714 2775 1797 2802 non

208 2929 240 2971 9)
287 2930 357 2964 Hoc
388 2931 529 2964 nomine
555 2941 647 2964 unus
670 2931 712 2964 iis
735 2930 953 2973 temporibus
977 2930 1173 2972 Aeschylus
1198 2941 1284 2962 usus
1308 2934 1379 2971 est,
1411 2930 1540 2972 quippe
1565 2929 1624 2971 qui
1650 2926 1796 2970 *Πέρσαι

164 2995 186 3020 a
219 2984 357 3029 Περσεῖ
382 2988 451 3020 iam
485 2988 658 3020 derivaret
688 2987 796 3028 (Pers.
830 2986 874 3019 80
906 2984 1207 3028 [x9v007‘5v0v
1239 2987 1394 3028 γενεᾶς
1427 2983 1565 3020 ἰσόθεος
1598 2982 1728 3027 φώςῙ),
1763 2989 1799 3017 et

165 3053 264 3084 reges
293 3047 531 3087 senatumque
561 3044 697 3086 regium
730 3044 931 3084 induceret,
964 3053 1053 3085 quos
1085 3046 1269 3084 tamquam
1304 3042 1424 3075 Persas
1449 3052 1468 3073 a
1491 3041 1639 3073 subditis
1664 3041 1798 3083 populis

164 3099 382 3142 distinguere
405 3099 554 3133 Graecos
578 3101 692 3143 ipsum
717 3100 849 3133 bellum
875 3099 1052 3132 docuerat*
1077 3098 1326 3138 (Wilamowitz
1351 3097 1484 3131 Comm.
1512 3108 1540 3140 p.
1565 3097 1612 3137 0).
