2072 3568
404 205 505 254 Gap.
540 204 629 251 111,
661 204 708 252 s,
742 203 779 242 9.
838 181 844 188 ’
1196 201 1247 241 92

403 330 555 368 vicisse
596 330 821 368 constaret.
879 327 1096 377 Variasll)
1140 338 1300 377 easque
1343 326 1465 367 valde
1508 325 1692 366 incertas
1733 325 1922 367 {niet-unt
1960 325 2043 367 viri

403 394 511 434 docti
552 394 665 443 vias,
708 396 753 433 ut
783 394 876 433 illas
910 393 1185 432 difficultates
1214 392 1450 442 solverent,
1483 403 1608 431 nemo
1636 394 1800 442 tamem
1831 392 2043 443 qnantum

403 461 511 509 scio,
554 463 780 509 utramque
817 458 1031 498 communi
1067 469 1223 498 causae
1259 457 1475 497 ascribere
1500 459 1566 497 est
1594 459 1786 497 conatus.
1832 455 2042 509 Equidem

401 536 587 564 errorem
619 536 702 564 non
735 523 1085 574 Hephaestionis,
1119 522 1193 563 sed
1223 522 1432 572 auctoris,
1466 533 1553 573 quo
1573 533 1682 563 usus
1700 522 1776 574 sit,
1806 523 2039 575 conopaeo.

405 590 560 640 Facile,
602 590 775 640 opinor,
818 600 895 639 pro
935 586 1104 638 Πύθια,
1146 588 1238 628 dari
1269 588 1406 639 potuit
1424 585 1619 639 Ἴσθμια,
1661 587 1698 627 si
1725 589 1795 629 cni
1822 586 2043 640 complura

401 656 600 706 deinceps
642 655 947 706 epigrammata
990 653 1269 693 describenda
1311 656 1456 703 erant,
1511 664 1695 704 quorum
1737 653 1821 694 alia
1860 652 2043 694 altorum

402 721 600 760 ludorum
633 720 830 760 victorias
858 719 1137 767 celebrarent;
1169 719 1204 758 si
1235 722 1451 770 praeterea
1480 719 1561 759 alia
1580 730 1632 759 ex
1652 718 1705 759 iis
1722 717 2044 771 epigrammati·

401 789 543 825 essent
572 786 773 836 adespota
802 786 883 825 alia
909 788 1055 836 poetae
1073 787 1211 835 certo,
1243 796 1278 824 e.
1304 797 1344 835 g.
1372 784 1602 834 Simonidi,
1635 783 1864 836 attributa,
1894 785 2045 835 poetae

404 863 555 891 nomen
585 852 783 891 accedere
811 851 947 901 potuit
974 851 1269 901 epigrammati
1300 861 1528 901 anonymo.
1562 850 1677 889 Talia
1705 848 1852 900 seriei,
1882 848 1927 889 tn
1954 858 2043 900 qna

403 920 596 956 nostrum
616 929 681 967 ep.
701 920 933 967 utrumque
954 916 1102 956 vitium
1123 916 1374 956 contrahere
1393 916 1547 966 potuit,
1577 915 2043 967 vestIgiumaervatum

400 986 464 1022 est
493 983 575 1022 AP.
610 983 729 1022 XIII.
766 982 933 1026 13-16,
968 982 1239 1023 Conveniunt
1272 984 1525 1033 argumenta
1555 983 1776 1032 mett-aque
1802 991 1902 1022 cum
1927 980 2043 1021 Ari·-

402 1049 556 1087 todemi
591 1049 914 1099 epigrammate;
953 1060 1018 1099 ep.
1054 1048 1174 1087 XIII.
1210 1048 1257 1087 14
1291 1047 1523 1087 Simonidis
1552 1047 1724 1087 nomine
1749 1047 1950 1087 ornatum
1976 1047 2044 1087 “t

404 1113 507 1164 (ομ.
532 1113 650 1163 125),
692 1125 788 1153 cum
818 1117 955 1153 cetera
984 1114 1187 1164 adespota
1217 1114 1316 1153 sint.
1355 1113 1658 1153 Demonstrat-e
1685 1114 1829 1152 antem
1854 1110 2043 1153 conabor

404 1179 462 1230 ἐξ
493 1180 566 1229 65,
607 1179 659 1219 96
697 1180 807 1219 hanc
844 1180 995 1219 seriem
1033 1180 1075 1219 in
1107 1180 1189 1219 ΑΡ.
1226 1180 1331 1219 XIII
1363 1191 1412 1219 m:
1441 1177 1703 1230 Meleayrea
1735 1175 1920 1219 Corona
1945 1187 2043 1229 pm-

401 1247 599 1295 pagatam
646 1257 753 1285 esse.
804 1245 934 1284 Valde
980 1245 1111 1296 igitur
1148 1245 1368 1295 probabile
1404 1244 1515 1284 duco
1553 1244 1689 1284 tui⁸se
1722 1243 1766 1284 ln
1804 1242 2042 1295 Meleagre-

402 1311 568 1350 Corona
611 1311 762 1350 seriem
805 1311 952 1350 talium
990 1311 1347 1361 epigrammatum
1386 1310 1681 1361 integriorem,
1727 1320 1840 1360 quae
1874 1309 2043 1360 praetor

401 1376 481 1415 alia
510 1388 604 1426 epp.
630 1388 746 1415 nunc
773 1377 991 1427 deperdita
1020 1377 1253 1416 contineret
1281 1388 1376 1416 cum
1398 1388 1494 1426 epp.
1519 1375 1602 1415 ΑΡ.
1627 1374 1748 1414 XIII.
1773 1373 1931 1415 13-16
1948 1375 2042 1414 tum

401 1454 465 1492 ep.
491 1442 582 1492 188,
607 1442 721 1492 quod
738 1442 999 1492 Hephaestio
1018 1442 1061 1481 in
1081 1454 1130 1481 ea
1150 1442 1340 1493 legisset,
1365 1453 1469 1482 cum
1490 1439 1721 1482 Coronam
1734 1437 2043 1492 Meloayrm

402 1506 651 1547 adhiberet.
694 1508 804 1546 Eum
843 1519 891 1546 ea
922 1518 1048 1546 usum
1078 1519 1173 1546 esse
1201 1507 1458 1547 confirmare
1485 1506 1656 1546 videtur
1683 1504 1929 1547 Callimachi
1954 1505 2042 1556 epi·

401 1585 593 1622 gramma
632 1573 683 1612 39
722 1573 815 1611 wil.
849 1584 945 1612 cum
983 1573 1099 1623 apud
1136 1585 1234 1612 eum
1270 1572 1446 1612 obvium
1476 1584 1511 1612 c.
1547 1572 1596 1612 15
1625 1583 1665 1622 p.
1698 1570 1751 1611 56
1780 1569 1844 1611 W.
1875 1572 1968 1611 tum
1995 1569 2040 1610 In

402 1639 482 1677 ΑΡ.
518 1639 637 1677 ΧΙΙῙ.
670 1638 721 1677 25
753 1637 823 1688 (cf.
860 1637 886 1689 ἓ
917 1638 967 1678 65
998 1650 1039 1677 n.
1073 1638 1120 1678 61
1151 1641 1193 1678 et
1223 1637 1250 1689 ξ
1271 1637 1341 1688 94)
1373 1640 1606 1677 servatum.
1652 1637 1718 1676 Ex
1746 1635 1914 1677 Gor-om
1941 1646 2042 1676 enm

401 1703 543 1742 itidem
581 1704 761 1743 alterum
800 1704 1092 1743 Simonideum
1130 1715 1195 1754 ep.
1232 1703 1302 1742 131
1342 1703 1543 1753 petivisse
1570 1714 1687 1742 nunc
1714 1700 1934 1752 probabile
1957 1701 2037 1741 eet.

456 1769 534 1819 Ep.
580 1769 654 1808 188
692 1769 822 1819 igitur
858 1769 1099 1819 exemplum
1137 1769 1309 1819 praebet
1345 1768 1688 1819 epigrammatis,
1723 1767 1794 1808 cni
1822 1766 2041 1818 Hephaes-

401 1835 528 1874 tionis
555 1835 819 1884 temporibus
847 1835 890 1874 in
921 1835 1088 1875 Corona
1118 1834 1316 1885 Meleagri
1346 1846 1500 1873 nomen
1532 1833 1765 1873 Simonidis
1790 1832 2041 1873 adInnctnm

401 1902 513 1949 erat,
555 1911 816 1949 quamquam
854 1900 896 1939 in
936 1900 1050 1939 illam
1086 1911 1172 1939 non
1206 1911 1258 1939 ex
1291 1900 1462 1951 Sylloge
1493 1898 1736 1939 Simoniden
1765 1897 1841 1938 sed
1867 1895 2042 1938 assnnde

404 1965 474 2014 (cf.
501 1964 527 2016 ξ
548 1964 618 2014 96)
650 1969 864 2015 receptum
889 1966 1041 2004 fuerat.
1075 1966 1265 2005 Alterum
1285 1964 1493 2004 eiusmodi
1513 1964 1780 2014 corruptelae
1796 1962 2039 2014 exemplum

402 2030 645 2080 suppeditat
673 2030 823 2069 titulus
854 2030 1127 2070 Simonideus
1154 2030 1476 2081 epigrammatis
1508 2029 1584 2069 130
1613 2029 1686 2079 (cf.
1720 2027 1748 2081 ξ
1776 2027 1864 2079 67).

685 2179 723 2219 9.
783 2187 1035 2219 ARISTIDES
1062 2187 1218 2224 ATQUE
1248 2187 1454 2219 SGHOLIA
1482 2186 1750 2219 ARISTmEA.

457 2303 483 2355 ἓ
514 2304 578 2343 55.
641 2302 708 2344 De
735 2303 963 2344 Aristidei
991 2302 1081 2344 loci
1108 2302 1504 2355 interpretatione.
1564 2303 1803 2354 Antequam
1830 2302 1873 2342 in
1898 2300 2040 2343 fontes

401 2369 597 2408 Aristidis
634 2370 812 2419 eiusque
851 2369 1113 2409 Scholiastae
1146 2370 1384 2419 inquiram,
1423 2370 1526 2408 haec
1563 2368 1618 2407 ad
1645 2367 1855 2418 liquidum
1883 2362 2039 2422 perda-

401 2435 533 2474 cenda
561 2436 626 2474 est
653 2435 847 2484 quaestio
875 2457 922 2462 —
955 2435 1007 2474 de
1031 2447 1116 2484 qua
1137 2435 1247 2474 inter
1267 2435 1383 2474 viros
1402 2435 1549 2474 doctos
1567 2435 1632 2473 est
1651 2431 1942 2473 controversia
1960 2451 2035 2482 -,

402 2502 546 2538 utrum
583 2500 727 2542 rhetor
754 2500 797 2539 in
826 2500 1017 2539 oratione
1045 2500 1116 2539 49⁸
1143 2498 1238 2551 περὶ
1267 2502 1340 2539 τοῦ
1367 2498 1737 2550 παραφθέγματος
1765 2495 1813 2550 (5
1841 2496 1895 2537 63
1921 2506 2035 2547 sqq„

402 2576 442 2615 p.
474 2565 548 2604 162
577 2565 626 2604 K.
655 2582 706 2597 =
735 2565 809 2604 511
844 2564 914 2614 D.)
946 2576 1020 2604 sex
1049 2565 1355 2615 epigrammata
1386 2564 1476 2614 (90,
1504 2564 1599 2614 104,
1627 2563 1722 2613 142,
1749 2561 1846 2613 132,
1869 2561 1943 2612 91,
1964 2558 2037 2611 9⁷)

403 2632 449 2668 ut
480 2629 721 2670 Simonides
749 2630 926 2669 laudare
955 2630 1134 2669 voluerit
1162 2641 1306 2669 necne.
1688 2680 1691 2683 .

455 2695 661 2734 Aristides
698 2695 741 2734 in
774 2695 966 2734 oratione
992 2694 1087 2746 περὶ
1114 2697 1188 2735 τοῦ
1215 2693 1583 2747 παραφθέγμαῐος
1611 2694 1869 2744 redarguere
1894 2690 2039 2731 studet

446 2859 493 2901 ¹¹)
537 2859 660 2893 Jacobs
693 2860 928 2901 Simonidem,
963 2861 1025 2902 qui
1061 2861 1168 2893 huius
1198 2861 1464 2902 epigrammatis
1495 2864 1595 2902 poeta
1626 2860 1775 2901 dicitur,
1807 2868 1829 2891 a
1858 2856 2037 2894 Simonide

403 2919 520 2950 nostro
543 2916 721 2953 diversum
746 2917 853 2949 fuisse
877 2917 1043 2958 coniecit,
1077 2917 1210 2949 liu-ause
1232 2915 1433 2959 &Olympia
1457 2927 1487 2958 p.
1511 2916 1578 2949 ‘250
1600 2926 1696 2959 sqq.,
1727 2915 1822 2948 laud.
1845 2923 1868 2947 a
1890 2912 2038 2956 nen-guo

401 2976 438 3005 et
474 2972 636 3015 I'regcm)
672 2973 765 3005 hunc
802 2972 1060 3005 Aristodemum
1098 2973 1275 3005 divorsum
1311 2983 1387 3005 esse
1420 2972 1626 3014 perhibebat
1656 2973 1701 3005 ab
1731 2972 1864 3012 altero,
1897 2970 1961 3013 qni
1993 2979 2036 3003 ex

404 3028 576 3062 Pausania
609 3033 717 3071 atque
754 3028 916 3061 Africano
949 3033 1052 3061 notus
1083 3033 1186 3062 esset.
1225 3029 1271 3062 De
1302 3029 1461 3062 Simmia
1492 3035 1636 3062 auctore
1667 3028 1833 3071 cogitavit
1865 3026 2037 3069 {imuag-

404 3083 569 3126 Bergkio,
592 3095 699 3127 quem
723 3086 888 3127 sequitur
912 3085 1041 3128 Preger
1064 3084 1147 3127 129,
1172 3085 1439 3128 Hephaestionis
1461 3095 1559 3118 error
1580 3086 1724 3118 subesse
1749 3083 1942 3117 videbatur.
