2072 3568
920 207 995 251 159
1650 210 1675 266 g
1706 214 1770 254 91.

77 341 101 388 ιζ·
141 334 380 386 Cephalana
418 333 569 373 selecta
604 345 698 372 esse
725 335 854 383 atque
881 334 924 373 in
954 335 1155 384 peculiari
1186 336 1347 386 sylloge
1378 336 1478 387 (ΑΡ.
1509 337 1633 388 ΧΙΙῙ)
1665 350 1774 377 com-

139 400 293 451 posita;
336 399 458 438 cuius
501 399 824 448 conquisitionis
867 411 965 438 cum
1008 401 1233 450 vestigium
1278 402 1393 440 cerni
1435 402 1479 441 in
1521 403 1629 442 libro
1668 404 1773 442 XIII

78 459 106 517 ’ἕρ
137 465 230 516 ipso
256 466 347 505 tum
375 464 420 503 in
450 464 616 514 septimi
645 465 728 503 ΑΡ.
756 465 854 503 libri
881 466 1237 515 epigrammatum
1266 468 1426 506 calculo
1449 479 1772 518 nonnumquam

138 531 328 571 confuso.
370 530 537 568 Fierine
563 531 724 580 potest,
757 532 804 569 ut
832 531 1009 570 lacunas
1038 543 1210 581 quoque
1236 533 1331 572 illas
1359 533 1413 572 ad
1442 534 1648 583 originem
1677 535 1773 573 libri

138 594 244 635 XIII
281 595 539 644 referamus,
580 595 659 644 ita,
700 597 748 634 ut
786 596 1062 635 concinnator
1099 609 1151 635 ex
1188 598 1269 636 illis
1298 599 1401 636 locis
1433 598 1517 649 (vel
1545 611 1597 637 ex
1625 611 1772 638 eorum

72 651 91 702 1’Ῑ
139 660 311 710 vicinia,
343 660 395 699 cf.
423 659 555 710 infra)
586 660 849 710 epigramma
879 661 1116 712 quoddam,
1157 663 1271 711 quod
1301 663 1343 701 in
1375 664 1591 702 variorum
1622 666 1772 703 metro-

8 751 11 755 ·
138 737 234 765 rum
262 725 453 776 syllogen
484 726 708 776 reciperet,
740 719 1033 776 desumpsisse
1061 727 1286 769 videatur?

188 790 247 830 Ac
283 802 431 829 revera
459 790 503 829 in
532 790 581 829 31
611 791 694 830 illis
721 791 819 830 libri
848 792 954 830 XIII
983 793 1302 842 epigrammatis
1330 794 1442 832 facili
1470 794 1638 843 negotio
1666 795 1771 833 indi-

9 841 11 844 ⁴
60 836 86 906 ’ζ
136 855 222 895 cari
250 857 432 905 possunt
459 855 789 906 epigrammata,
822 868 1006 906 quorum
1035 858 1293 896 omissorum
1322 858 1500 908 vestigia
1530 861 1631 897 sunt
1659 860 1771 898 lacu-

126 931 216 960 nae
248 920 294 960 2ει
326 920 441 971 (post
474 932 539 970 ep.
567 921 638 960 VI.
674 920 793 971 125),
832 921 877 960 3²²
912 921 1026 972 (post
1059 934 1124 972 ep.
1149 923 1221 961 VI.
1252 922 1371 973 157),
1412 924 1457 962 4²³
1487 923 1601 973 (post
1629 936 1693 974 ep.
1719 925 1766 963 V.

135 985 183 1036 4,
222 984 281 1036 2).
328 986 405 1025 Illa
445 985 524 1037 (2¹²)
563 986 716 1025 lacuna
755 988 870 1026 extat
904 987 947 1025 in
978 987 1116 1026 medio
1144 988 1384 1038 fragmento
1413 988 1648 1038 Meleagreo
1678 989 1766 1039 (VI.

86 1075 87 1078 =
137 1049 384 1101 109—157);
425 1051 467 1090 in
503 1051 822 1101 epigrammatis
851 1052 1249 1092 circumiacentibus
1280 1053 1352 1092 121
1386 1054 1651 1103 Callimachi,
1698 1055 1770 1096 122

134 1114 296 1165 Niciae,
340 1115 415 1154 123
452 1115 635 1166 Anytes,
678 1117 753 1155 124
795 1117 1047 1167 Hegesippi,
1092 1117 1167 1156 125
1197 1118 1458 1168 Mnasalcae,
1504 1117 1609 1169 [seq.
1642 1119 1766 1170 lac.],

79 1171 91 1221 ²s
136 1179 212 1220 126
250 1180 528 1231 DioscoridiS,
572 1181 648 1221 127
686 1182 849 1231 Niciae,
894 1182 970 1222 128
1008 1183 1250 1222 Mnasalcae
1283 1185 1359 1222 etc.
1393 1183 1471 1222 deo
1499 1185 1623 1223 alicui
1651 1197 1770 1224 arma

70 1243 91 1291 1²
125 1233 380 1296 (pharetra,
431 1257 584 1296 arcuS,
635 1247 837 1297 clypeus,
888 1246 1030 1298 hasta)
1083 1260 1107 1287 a
1159 1248 1288 1286 milite
1333 1249 1475 1297 aliquo
1521 1249 1770 1289 dedicantur

59 1338 103 1357 ,„
136 1307 208 1362 (cf.
246 1310 300 1350 de
336 1311 670 1361 Meleagreorum
699 1312 1038 1363 fragmentorum
1068 1313 1370 1363 compositione
1401 1312 1426 1363 ξ
1457 1314 1542 1364 89).
1589 1315 1768 1354 Unicum

71 1388 99 1422 ,ς
131 1374 229 1414 libri
254 1376 361 1415 XIII
385 1377 648 1426 epigramma
672 1377 771 1417 huic
794 1378 886 1417 loco
910 1380 1057 1428 aptum
1082 1381 1146 1417 est
1169 1390 1234 1428 ep.
1261 1379 1381 1417 XIII.
1404 1379 1426 1417 7
1449 1379 1764 1430 Callimachi,

132 1450 219 1490 quo
266 1441 440 1491 Lyctius
490 1440 757 1493 (Cretensis)
806 1443 981 1492 quidam
998 1473 1008 1493 ‚
1062 1444 1233 1482 nomine
1279 1444 1494 1483 Menoetas
1511 1475 1520 1493 ,
1576 1445 1769 1495 Serapidi

132 1515 316 1545 arcum
357 1508 398 1545 et
441 1507 756 1557 pharetram
798 1508 978 1557 obtulit;
1022 1508 1151 1547 huius
1193 1511 1410 1558 praeterea
1451 1510 1768 1559 epigrammatis

131 1570 355 1621 gemellum
383 1571 539 1622 legitur
566 1572 610 1610 in
640 1572 749 1611 serie
775 1573 844 1612 illa
874 1573 1109 1622 Meleagrea
1139 1573 1209 1612 VI.
1241 1573 1338 1622 121,
1376 1574 1491 1622 quod
1519 1576 1583 1612 est
1613 1575 1768 1614 Calli-

78 1646 93 1682 ζ
132 1635 304 1675 machi
338 1636 382 1675 in
416 1648 600 1676 arcum
634 1637 689 1676 ab
722 1638 952 1677 Echemma
988 1638 1173 1687 quodam
1209 1636 1411 1677 Cretensi
1438 1639 1597 1678 Dianae
1624 1652 1768 1679 conse-

73 1709 100 1718 ’
132 1701 309 1740 cratum.
343 1701 407 1741 Cf.
427 1713 492 1751 ep.
514 1702 743 1752 Hegesippi
759 1703 854 1742 VII.
874 1703 971 1752 276,
996 1704 1119 1742 cuius
1139 1705 1361 1754 gemellum
1383 1706 1425 1742 in
1446 1705 1529 1743 ΑΡ.
1549 1706 1655 1744 XIII
1678 1705 1765 1755 (12)

70 1765 386 1811 &translatum
423 1778 518 1806 esse
556 1767 724 1806 videtur
759 1766 830 1818 (cf.
866 1767 892 1819 ἓ
922 1767 1008 1819 94).
1056 1769 1116 1807 De
1142 1769 1233 1808 loco
1263 1769 1531 1808 Callimachei
1559 1771 1767 1820 epigram-

130 1830 256 1870 matis
284 1831 405 1870 XIII.
437 1832 460 1871 7
487 1832 531 1871 in
559 1833 668 1871 libro
692 1834 748 1872 VI
778 1835 994 1883 praeterea
1024 1834 1108 1872 vid.
1138 1834 1264 1873 infra.

67 1931 90 1951 ἶ,
183 1894 503 1946 Epigrammata
519 1927 529 1947 ,
579 1909 690 1947 quae
735 1898 914 1937 lacunae
955 1899 1018 1938 3³⁶
1063 1898 1177 1949 (post
1219 1911 1284 1948 ep.
1322 1900 1392 1938 VI.
1438 1899 1531 1950 157)
1577 1901 1767 1949 proxime

130 1961 409 2011 praecedunt,
451 1964 554 2002 sunt
582 1965 803 2013 poetarum
833 1965 1166 2014 Meleagreorum
1196 1965 1356 2015 Anytes
1388 1964 1475 2015 (VI.
1507 1965 1623 2016 153),
1667 1967 1766 2005 Leo-

66 2015 89 2035 ⁷
130 2023 254 2072 uidae
301 2024 440 2077 (154),
491 2028 872 2068 Theodoridae
919 2029 1189 2080 (155—157);
1238 2030 1381 2078 itaque
1427 2042 1511 2069 non
1555 2032 1766 2070 erraveris

79 2080 103 2138 ,2³7
130 2090 392 2130 constituens
420 2093 682 2143 epigramma
710 2094 807 2133 libri
838 2095 967 2144 XIII,
1000 2095 1114 2144 quod
1143 2106 1195 2133 ex
1224 2095 1304 2133 hac
1332 2095 1441 2134 serie
1468 2098 1656 2134 amotum
1686 2098 1761 2146 sit,

74 2156 101 2206 ,J
129 2164 224 2198 esse
249 2167 313 2206 ep.
342 2156 648 2197 dedicatoriam
677 2159 1056 2199 Theodoridae
1085 2160 1205 2198 XIII.
1235 2159 1272 2199 8.

123 2258 125 2261 ,
183 2219 354 2261 Lacuna
382 2222 448 2272 4⁸,
481 2234 592 2272 quae
619 2226 683 2262 est
712 2226 808 2274 post
837 2224 1025 2274 primum
1054 2225 1263 2264 distichon
1294 2225 1613 2275 epigrammatis
1640 2226 1686 2264 V.
1714 2227 1760 2276 4,

129 2283 344 2326 invenitur
374 2287 417 2326 in
449 2300 583 2338 parvo
614 2289 854 2339 fragmento
879 2290 1233 2339 epigrammatum
1255 2291 1557 2329 amatoriorum
1580 2290 1764 2340 Philip-

74 2357 95 2389 9
129 2359 219 2400 peo
248 2349 313 2401 (V.
337 2351 362 2391 2
387 2353 526 2403 Antip.
552 2354 718 2403 Thess„
751 2354 775 2393 3
802 2355 1057 2404 Philodemi,
1089 2355 1113 2393 4
1142 2355 1324 2405 Statyllii
1351 2354 1520 2404 Flacci).
1554 2354 1763 2400 Quoniam

130 2424 263 2455 unum
304 2419 471 2456 tantum
515 2418 558 2456 in
601 2418 710 2458 libro
749 2419 854 2458 XIII
892 2422 957 2458 est
993 2420 1255 2469 epigramma
1295 2420 1487 2459 Coronae
1525 2420 1765 2469 Philippeae

128 2478 256 2530 idque
291 2483 545 2522 amatorium
584 2483 733 2534 (XIII,
769 2485 787 2522 1
821 2483 1106 2534 Philippi),
1150 2485 1368 2534 probabile
1394 2487 1458 2523 est
1486 2487 1658 2534 propter
1686 2485 1764 2524 hoe

93 2575 98 2577 >
126 2544 388 2596 epigramma
416 2548 641 2587 dimissum
670 2550 867 2588 lacunam
896 2561 991 2588 esse
1018 2551 1168 2589 ortam.
1207 2550 1314 2589 Cum
1344 2551 1559 2599 praeterea
1589 2550 1667 2588 hoc
1695 2561 1759 2599 ep.

3 2594 6 2596 v
129 2610 313 2665 primum
342 2612 476 2651 fuisse
504 2613 719 2664 videatur,
752 2614 865 2664 quod
895 2626 947 2653 ex
975 2614 1101 2653 Anth.
1132 2615 1261 2664 Ceph.
1290 2615 1496 2653 eliminari
1528 2617 1690 2664 posset,
1724 2618 1763 2653 et

84 2662 275 2723 {mera
303 2677 399 2716 libri
429 2678 534 2717 xm
564 2679 749 2729 primum
779 2680 855 2729 sit,
884 2675 1036 2718 deinde
1063 2682 1103 2718 et
1132 2680 1173 2718 in
1204 2680 1296 2719 eius
1324 2678 1497 2719 exordio
1524 2679 1658 2731 (χαῖρε
1686 2678 1762 2717 ,νεά

78 2746 105 2799 ,ᾗ
129 2734 321 2794 Παφίη)
346 2744 387 2781 et
411 2743 454 2782 in
478 2755 543 2794 ep.
563 2744 611 2783 V.
635 2744 659 2784 3
687 2756 814 2783 versu
840 2745 988 2783 ultimo
1011 2744 1100 2796 (τῆς
1124 2742 1198 2783 lla
1209 2744 1327 2796 φίης
1346 2744 1431 2783 ἴσθι
1451 2743 1498 2783 τὰ
1519 2743 1760 2794 λειπόμενα)

76 2807 101 2858 ,ᾗ
129 2803 270 2845 Venus
306 2807 450 2847 eodem
490 2809 725 2849 celebretur
761 2810 967 2859 epitheto,
1009 2812 1170 2849 certum
1208 2811 1376 2849 videtur
1409 2821 1473 2858 ep.
1504 2809 1631 2857 XIII,
1669 2809 1685 2846 1
1720 2810 1760 2846 in

76 2866 93 2926 'J
129 2867 208 2910 hac
235 2872 343 2911 serie
372 2873 588 2924 Philippea
618 2875 732 2925 apud
763 2875 990 2924 Cephalam
1022 2875 1172 2913 lectum
1204 2886 1310 2914 esse.
1369 2874 1475 2912 Fieri
1506 2876 1645 2912 autem
1678 2885 1760 2912 non

2 2939 3 2943 ’
81 2942 102 2986 JJ
129 2936 288 2986 potest,
329 2939 377 2976 ut
405 2938 484 2977 hoc
511 2950 576 2989 ep.
607 2940 721 2989 apud
752 2939 979 2989 Cephalam
1010 2940 1193 2978 extiterit
1221 2940 1262 2977 in
1294 2939 1430 2977 medio
1459 2939 1762 2987 epigrammate

128 2997 175 3041 ,V-
200 3000 239 3039 4.
283 3001 343 3040 De
370 3003 572 3052 primario
600 3004 691 3043 loco
719 3005 860 3043 statim
892 3004 1143 3043 videbimus.

79 3059 102 3118 [J
180 3063 313 3104 Cuius
342 3077 444 3106 vero
470 3068 789 3118 epigrammatis
814 3068 1024 3118 segregati
1051 3068 1275 3119 vestigium
1300 3080 1394 3108 esse
1420 3068 1586 3107 videtur
1609 3068 1759 3107 lacuna
