2072 3568
895 225 919 263 9
1547 225 1572 276 ,ξ
1604 226 1722 266 6-9.

142 349 287 399 Neque
323 349 453 399 igitur
491 348 716 399 miramur,
759 349 873 398 quod
912 349 1147 399 Hauvette,
1190 361 1286 388 cum
1324 350 1367 388 in
1398 351 1646 399 quaestione
1675 351 1726 390 de

88 414 441 465 epigrammatum
471 414 720 453 auctoritate
746 414 976 464 Bergkium
1006 426 1186 464 prorsus
1211 415 1417 465 sequitur,
1451 416 1511 454 sic
1536 416 1724 465 scripsit:

93 479 253 530 ‘appele
281 482 304 518 a
335 479 520 518 celebrer
548 479 859 519 officiellement
887 480 948 519 les
978 480 1104 519 heros
1133 481 1208 519 des
1238 481 1565 531 Thermopyles,
1608 481 1725 520 l'ami

88 545 140 584 de
182 546 289 595 Meg.
338 545 486 584 voulut
529 545 769 595 distinguer
811 548 931 583 entre
971 547 1110 584 toutes
1153 545 1271 585 l'une
1314 547 1388 585 des
1432 547 1623 586 victimes
1665 548 1724 586 les

87 611 186 660 plus
222 610 369 649 nobles
398 610 450 648 de
477 610 516 648 la
545 610 735 660 bataille,
777 612 816 649 et
846 609 884 649 il
911 609 1062 650 obtint
1091 610 1131 650 le
1159 610 1286 650 droit
1316 611 1372 651 de
1401 610 1470 651 lui
1498 611 1637 651 e'lever
1666 624 1724 651 un

88 677 335 715 monument
373 678 396 714 a
435 678 552 725 part,
595 674 702 725 qu’il
738 676 912 726 decora,
955 687 1116 715 comme
1154 677 1182 714 il
1220 677 1333 716 avait
1362 678 1437 716 fait
1465 678 1525 716 les
1554 680 1720 727 autres,

87 740 219 781 d'une
245 742 298 780 de
325 753 394 781 ces
423 742 705 791 epigrammes
733 742 789 780 ou
818 742 847 780 il
874 742 974 780 etait
1003 744 1129 791 passe
1157 741 1341 781 maitre'.

142 807 202 845 De
237 807 353 846 fonte
390 806 593 845 Herodoti
633 806 737 845 nihil
775 807 875 845 certi
914 807 1094 856 profert:
1139 807 1263 846 ‘nous
1300 820 1496 857 pouvons
1534 810 1725 849 affirmer

87 883 170 921 que
206 871 443 911 l’historien
480 872 667 921 depend,
711 871 1006 911 directement
1034 884 1094 911 ou
1124 871 1492 924 indirectement,
1535 876 1608 914 des
1638 888 1724 914 mo-

87 940 287 976 numents
328 937 555 987 originaux
598 939 882 985 eux-memes,
929 939 968 976 et
1008 949 1093 976 non
1132 937 1238 976 d’un
1278 940 1430 978 recueil
1469 939 1723 991 d‘epigrarn-

86 1001 212 1051 mes’;
250 1003 376 1052 paulo
405 1004 546 1042 autem
576 1005 690 1051 post:
727 1002 786 1041 ‘ce
815 1003 1155 1052 renseignement
1186 1034 1224 1042 ..
1249 1034 1256 1042 .
1281 1034 1288 1042 .
1323 1005 1351 1042 il
1380 1004 1436 1044 l'a
1467 1007 1587 1055 puise
1615 1007 1723 1045 dans

87 1079 171 1106 une
193 1068 393 1106 tradition
419 1068 491 1116 qui
517 1079 563 1106 se
588 1068 812 1106 rattachait
838 1079 924 1106 aux
948 1071 1220 1107 monuments
1245 1070 1536 1110 eux-memes’.
1570 1073 1723 1111 Nostra

85 1134 227 1172 autem
256 1133 438 1172 maxime
466 1133 641 1171 interest
671 1133 781 1171 hanc
809 1133 946 1182 ipsam
975 1134 1245 1172 traditionem
1275 1137 1516 1174 accuratius
1538 1137 1719 1176 definiri.

141 1197 167 1249 ξ
197 1198 235 1237 8.
301 1197 429 1247 Quae
466 1197 758 1248 quaestiones
796 1197 1156 1250 distinyuendae
1192 1198 1299 1239 sint.
1362 1201 1458 1239 Loci
1496 1202 1722 1241 Herodotei

85 1264 405 1314 explicationes,
439 1275 548 1313 quas
578 1264 792 1313 recensui,
827 1264 931 1303 tales
961 1275 1055 1302 esse
1084 1265 1206 1303 nobis
1237 1266 1353 1304 visae
1383 1269 1505 1316 sunt,
1539 1269 1585 1306 ut
1607 1268 1722 1306 nulla

85 1329 250 1380 integra
293 1330 424 1379 accipi
462 1330 608 1379 possit.
656 1329 927 1379 Quamquam
956 1342 1007 1368 ex
1037 1341 1133 1369 asse
1161 1331 1344 1370 concedo
1374 1332 1599 1381 plerasque
1627 1345 1722 1371 con—

18 1413 22 1417 ·
85 1394 218 1434 tinere
245 1395 564 1434 observationes
594 1395 718 1433 utiles
747 1397 875 1444 atque
903 1395 1132 1445 pretiosas,
1172 1408 1302 1445 quae,
1342 1398 1511 1447 opinor,
1550 1398 1724 1447 impune

5 3024 22 3093 ξ»

86 1460 249 1510 neglegi
292 1472 376 1499 non
423 1462 616 1510 possunt.
670 1461 843 1509 Integra
887 1462 1027 1499 autem
1073 1461 1195 1499 nobis
1238 1461 1497 1501 instituenda
1540 1465 1603 1502 est
1645 1464 1722 1502 loci

84 1524 394 1575 interpretatio,
428 1526 470 1564 in
500 1537 585 1574 qua
616 1526 743 1564 hasce
770 1526 975 1575 distingui
1005 1526 1275 1575 quaestiones
1306 1539 1477 1566 necesse
1504 1530 1587 1567 est:

141 1588 182 1639 1)
218 1591 321 1639 quid
352 1591 554 1629 Herodoti
586 1591 715 1629 verba
745 1591 1009 1639 significant;

139 1654 182 1706 2)
219 1656 321 1705 quid
351 1667 402 1694 ex
432 1656 664 1694 sententiae
693 1655 1024 1705 significatione,
1059 1669 1169 1705 quae
1198 1658 1321 1695 nobis
1348 1659 1583 1707 recipienda
1610 1659 1720 1697 vide-

219 1721 346 1772 bitur,
370 1721 423 1759 de
445 1720 687 1759 Simonidea
708 1721 1063 1770 epigrammatum
1085 1722 1334 1761 auctoritate
1350 1724 1547 1762 constitui
1565 1726 1718 1773 potest;

137 1784 180 1836 3)
217 1797 326 1835 quae
355 1786 619 1825 Herodoteae
650 1786 882 1824 narrationi
913 1787 1021 1825 fides
1050 1790 1113 1826 est
1143 1788 1357 1835 habenda;

137 1850 179 1902 4)
217 1863 302 1901 quo
331 1852 447 1890 fonte
476 1852 720 1890 Herodotus
751 1863 858 1890 usus
887 1864 982 1891 esse
1011 1853 1190 1892 videtur.

139 1916 165 1968 ἓ
195 1917 232 1956 9.
295 1916 362 1957 De
409 1915 662 1956 sententiae
711 1916 1071 1967 siqnifieatione.
1130 1919 1241 1963 Quid
1294 1920 1494 1968 quodque
1543 1920 1720 1958 verbum

84 1982 293 2032 significet
335 1983 519 2032 primum
563 1983 909 2022 constituendum
953 1986 1029 2022 est.
1079 1985 1270 2023 Vidimus
1313 1985 1423 2023 enim
1467 1985 1549 2023 iam
1589 1997 1719 2034 supra

84 2047 337 2086 vocabulum
366 2046 610 2100 ἐπιγράφειν
639 2049 692 2087 ab
722 2049 803 2087 alio
835 2049 926 2087 viro
955 2050 1077 2088 docto
1107 2050 1226 2088 aliter
1256 2051 1399 2099 accipi.
1436 2051 1567 2090 Cuius
1588 2062 1719 2088 enun-

83 2113 172 2152 tiati
208 2114 322 2152 notio
352 2115 398 2152 ut
427 2114 698 2164 explanetur,
742 2115 1015 2163 quaerendus
1045 2117 1108 2155 est
1138 2115 1247 2153 alius
1277 2116 1395 2154 locus
1427 2117 1714 2164 Herodoteus‚

83 2178 155 2217 ubi
194 2178 303 2217 idem
343 2180 521 2218 verbum
560 2180 601 2218 in
641 2180 947 2229 epigrammate
984 2181 1199 2218 laudando
1239 2183 1483 2229 usurpetur.
1534 2182 1714 2230 Unicus,

83 2243 155 2292 qui
185 2244 415 2294 succurrit,
449 2245 567 2283 locus
597 2247 710 2283 extat
740 2245 765 2282 l.
800 2245 857 2283 IV
885 2257 919 2283 c.
953 2245 1016 2283 88.
1053 2245 1130 2283 Ubi
1158 2257 1296 2284 sermo
1322 2249 1385 2284 est
1405 2247 1457 2283 de
1478 2247 1720 2284 Mandroclc

86 2307 249 2359 Samio,
283 2310 355 2358 qui
385 2321 408 2348 a
440 2310 575 2348 Dareo
604 2310 751 2348 iussus
784 2310 1022 2359 Bosporum
1055 2313 1180 2358 ponte
1211 2311 1359 2348 iunxit.
1400 2311 1504 2359 Qui,
1539 2323 1633 2348 cum
1665 2311 1718 2349 ab

82 2373 163 2411 isto
191 2373 310 2412 denis
341 2374 469 2412 rebus
498 2374 698 2412 omnibus
726 2375 838 2412 esset
867 2374 1074 2423 donatus,
1111 2373 1306 2426 ἀπαρχὴν
1332 2375 1420 2425 ζῷα
1445 2374 1719 2426 ηηιψάμενος

145 2467 153 2476 .
175 2468 183 2476 .
217 2437 400 2490 ἀνέθηκε
429 2438 470 2483 ἐς
499 2437 544 2477 τὸ
565 2436 745 2490 ’Ἠραιον
774 2438 1060 2490 ἐπιγράψας
1090 2437 1187 2478 τάδε
1219 2439 1430 2488 (sequitur
1462 2441 1581 2490 Preg.
1606 2441 1714 2489 109).

83 2502 403 2543 Mandroclesne
431 2505 521 2555 ipse
545 2517 714 2544 carmen
740 2505 941 2554 panxisse
965 2505 1045 2543 dici
1074 2505 1239 2543 videtur
1264 2518 1316 2543 an
1344 2518 1518 2543 curasse
1542 2506 1717 2555 inscrip-

83 2567 237 2608 tionem
276 2569 465 2619 picturae
501 2570 774 2609 addendam?
820 2571 910 2609 Hoc
939 2571 1103 2620 opinor.
1151 2571 1333 2619 Apparet
1363 2570 1606 2622 ἐπιγράφειν
1635 2572 1717 2621 sig—

84 2632 256 2672 nificare
297 2633 542 2674 inscribere
584 2647 640 2673 sc.
689 2635 1006 2684 inscriptionem
1048 2636 1110 2674 vel
1151 2636 1366 2674 causative
1403 2630 1716 2675 inscribendam

82 2697 397 2748 inscriptionem
445 2712 608 2739 curare.
671 2700 734 2739 Ab
781 2701 912 2739 altera
962 2703 1080 2750 parte
1128 2702 1339 2739 notionem
1388 2702 1716 2751 ‘epigrammatis

83 2763 320 2814 condendi',
354 2776 482 2814 quam
510 2765 699 2814 plerique
724 2768 854 2806 verbo
881 2764 1147 2817 ἔπι-γράφειν
1170 2769 1316 2805 nostro
1340 2767 1429 2805 loco
1452 2767 1711 2814 tribuerunt,

83 2827 260 2867 alienam
299 2841 393 2868 esse
429 2830 688 2869 luculentum
729 2833 793 2869 est
832 2843 854 2869 a
897 2831 1047 2880 verbo,
1090 2832 1204 2880 quod
1244 2832 1412 2881 proprie
1450 2833 1501 2870 de
1540 2833 1714 2881 lapicida

82 2892 235 2932 dicitur
255 2893 306 2944 5).

126 3038 156 3080 5)
203 3042 301 3083 Apud
329 3045 533 3084 posteriores
556 3045 741 3085 ‚cr-iptmes
765 3044 909 3076 «hunum
938 3045 1080 3076 urlnnn
1107 3042 1312 3086 s'mwciqm
1337 3045 1611 3085 epigrammati
1632 3056 1714 3077 con—

3 3086 37 3136 j}
84 3094 196 3128 dendi'
222 3098 397 3131 notionem
425 3099 531 3132 habet
553 3110 581 3132 c
607 3110 638 3142 g.
663 3110 716 3140 ap.
742 3100 838 3132 Dion
865 3100 944 3131 Chr.
970 3100 1026 3139 (τ.
1055 3100 1263 3139 1³222v0=):.37
1293 3099 1331 3131 1⁸
1355 3101 1412 3139 (cl.
1439 3102 1454 3141 ς
1479 3101 1546 3134 53)
