2072 3568
413 219 514 270 Cap.
549 216 639 268 111,
672 218 709 257 9.
1206 214 1258 255 98

412 344 581 384 traditio
622 343 651 382 S
683 342 754 393 (cl.
791 342 816 394 ἓ
847 342 941 393 60),
982 342 1096 393 apud
1130 341 1411 381 Scholiastam
1440 339 1747 391 adiungeretur
1773 338 1991 382 traditioni
2017 340 2052 382 A

414 410 555 460 (eique
582 408 655 459 A',
688 408 741 447 ci.
775 407 912 458 ibid.).

468 475 729 514 Scholiastae
763 472 1026 523 temporibus
1054 484 1120 522 ep.
1157 471 1228 511 101
1261 471 1302 511 in
1334 471 1501 511 Corona
1531 470 1766 522 Meleagron
1794 471 2051 512 instructum

411 552 505 580 esse
535 540 701 579 videtur
733 538 965 578 Simonidis
996 538 1188 586 nomine,
1229 548 1315 587 quo
1343 539 1506 576 careret
1534 536 1577 576 in
1607 536 1861 589 Anthologla
1889 536 2052 588 Ceph·-

411 606 507 645 lana
553 605 653 655 (ΑΡ.
699 601 859 655 aarum·
901 619 952 635 :t
993 602 1091 641 Api.
1143 600 1400 651 ἀὸὲσποτον,
1454 601 1508 641 cl.
1558 599 1585 652 ξ
1632 600 1786 652 107,3).
1836 601 1945 643 Cum
1981 612 2048 654 ep.

412 673 570 721 spectet
598 670 753 709 bellum
784 668 993 707 Medicum
1023 670 1152 717 atque
1180 668 1222 706 in
1253 668 1336 706 ΑΙ).
1369 667 1536 718 legatur
1563 667 1606 706 in
1635 666 1786 707 ordine
1808 665 2054 708 Simoniden

414 735 461 786 (ἓ
507 735 630 786 101),
682 734 839 774 habere
881 733 1011 784 igitur
1055 733 1250 772 videmur
1290 733 1582 784 epigramma,
1628 732 1742 783 quod
1783 743 1837 773 ex
1881 732 2055 786 Sylloge

414 801 657 840 Simonidea
697 801 739 839 in
780 800 991 839 Coronam
1030 801 1313 849 propagatum
1343 802 1438 849 post
1468 798 1728 849 Meleagrum
1760 797 2052 839 simoniacum

411 867 581 906 titulum
611 866 754 905 nescio
782 877 868 915 quo
895 876 1041 904 errore
1069 864 1224 903 amisit.

465 932 704 972 Auctoritas
736 931 1002 979 Simonidea,
1035 941 1146 980 quae
1173 929 1468 980 epigrammati
1501 929 1572 968 101
1604 929 1787 969 adicitur
1814 940 1855 980 p.
1878 929 1931 970 52
1951 929 2049 981 Fr„

411 999 528 1037 deest
570 998 702 1037 altero
744 996 835 1035 loco
877 1007 916 1046 p.
964 995 1037 1044 58,
1084 995 1157 1033 ubi
1200 995 1462 1045 epigramma
1505 1006 1679 1045 quoque
1717 994 1770 1035 97
1809 994 2054 1036 Simoniden

413 1063 583 1102 nomine
610 1062 860 1101 destitutum
885 1060 1062 1110 legitur,
1096 1071 1182 1110 quo
1202 1060 1441 1110 praeditum
1463 1060 1749 1110 praebebatur
1766 1059 1810 1100 ln
1831 1059 1927 1100 nel.
1950 1059 2048 1101 Gor.

414 1129 515 1179 (ΑΡ.
557 1128 651 1167 VII.
694 1125 806 1176 250).
851 1126 900 1165 Id
930 1126 1220 1176 neglegentiae
1250 1125 1513 1166 Scholiastae
1539 1125 1839 1176 imputandum
1867 1125 2050 1166 videtur.

412 1194 548 1233 Verba
577 1194 689 1233 enim
719 1193 846 1232 haece
874 1191 1091 1242 praemisit
1119 1190 1356 1230 Scholiasta
1380 1191 1702 1242 epigrammatis
1724 1190 1776 1232 97
1798 1192 1841 1231 et
1866 1190 1963 1232 101:
1990 1188 2054 1231 &a

412 1259 477 1299 δεῖ
500 1261 584 1299 τῶν
611 1256 848 1311 βαρβάρων
876 1258 1157 1308 καταφρονεῖν
1188 1257 1261 1307 (ad
1289 1257 1442 1296 lemma
1471 1254 1835 1309 παραδείγματος,
1868 1255 2048 1297 Panath-

410 1325 487 1365 204
519 1323 590 1375 1).)
610 1323 663 1375 22)
678 1354 688 1374 ,
721 1334 832 1373 quae
860 1322 987 1372 petita
1017 1322 1119 1360 mihi
1150 1321 1350 1361 videntur
1368 1334 1420 1361 ex
1441 1322 1572 1361 huius
1590 1322 1670 1362 loci
1689 1321 1744 1362 de
1762 1322 1866 1362 Iove
1884 1320 2053 1362 Libera·

410 1394 502 1430 tore
528 1390 619 1429 loco
640 1387 875 1440 parallelo
903 1387 956 1426 de
985 1387 1042 1426 IV
1072 1387 1175 1426 viris
1204 1387 1283 1426 240
1313 1388 1384 1426 Ι).;
1414 1386 1557 1440 ἒπειόὴ
1588 1386 1669 1439 γὰρ
1697 1385 1723 1440 ἡ
1738 1384 1887 1432 Ἑλλὰς
1903 1385 2055 1439 ἑαυτῆς

411 1455 571 1507 ἐγένετο
608 1453 679 1494 καὶ
710 1452 845 1493 πάντα
874 1451 1129 1505 ἒξεχωρήκει
1160 1483 1168 1491 .
1205 1482 1213 1491 .
1249 1483 1257 1491 .
1293 1483 1302 1491 .
1335 1451 1489 1505 βωμὸς
1511 1450 1781 1504 Ἐλευθερίου
1809 1449 1911 1497 Διὸς
1935 1449 2055 1504 αὕῐῷ

412 1535 452 1559 τε
489 1519 582 1572 Γθεῷ
618 1518 886 1572 χαριστήριον
923 1516 993 1557 καὶ
1031 1520 1114 1562 τοῖς
1150 1517 1453 1570 κατορθώσασι
1480 1520 1689 1571 μνημεῖον
1715 1516 1783 1559 ἐπ’
1819 1515 1952 1558 αὐτοῦ
1978 1518 2054 1557 τοῦ

412 1584 544 1625 τόπου
572 1587 657 1625 τῶν
684 1584 824 1636 ἔργων
852 1582 1032 1635 ἐστάθη,
1061 1582 1208 1635 κοίνην
1236 1582 1350 1636 ἔχων
1375 1582 1642 1636 παράκλησιν
1662 1583 1844 1635 (spectat
1860 1594 1928 1634 ep.
1952 1582 2049 1633 140,

411 1652 465 1691 ef.
507 1651 616 1690 Plut.
657 1651 727 1689 Ar.
763 1650 835 1700 19,
873 1661 960 1699 quo
989 1650 1124 1688 utitur
1155 1650 1316 1699 rhetor,
1349 1650 1402 1689 ct.
1438 1648 1465 1701 ἓ
1496 1649 1566 1700 62)
1596 1649 1654 1694 εἴς
1680 1662 1723 1689 τε
1749 1646 1956 1701 ὁμόνοιαν
1981 1645 2054 1689 ml

412 1715 467 1756 τὸ
504 1718 606 1755 τῶν
650 1714 948 1767 βαρβάρων
994 1717 1377 1766 καταφρονεῖν.
1439 1716 1663 1755 Illustrare
1707 1716 1875 1755 tantum
1918 1713 2054 1758 voluit

411 1781 582 1821 duobus
618 1780 937 1831 epigrammatis
975 1779 1057 1817 illis
1107 1779 1366 1829 Scholiasta,
1409 1783 1675 1831 quantopere
1709 1779 1859 1821 Graeci
1897 1779 2053 1819 Persas

411 1847 724 1897 despexissent;
772 1847 988 1884 auctorem
1037 1856 1122 1883 non
1161 1846 1341 1885 curavit.
1383 1846 1508 1891 Quod
1545 1845 1740 1896 exemplo
1774 1844 1951 1885 allatum
1987 1845 2055 1884 est

413 1913 730 1953 Corinthiorum
760 1908 1026 1961 cenotaphia·
1053 1910 1316 1961 epigramma
1349 1910 1459 1962 (97),
1502 1911 1602 1951 inde
1628 1911 1814 1950 fortasse
1839 1909 2053 1961 explican-

412 1978 538 2028 dum,
588 1977 703 2027 quod
744 1974 944 2027 sepulcri
984 1975 1247 2026 epigramma
1286 1977 1511 2027 gemellum
1552 1976 1641 2027 (96)
1680 1977 1724 2016 in
1762 1974 1930 2016 Corona
1967 1974 2052 2015 iam

411 2043 681 2083 interciderat
711 2041 782 2093 (cf.
818 2040 876 2093 ἓξ
907 2041 980 2091 53,
1016 2039 1126 2091 101).

467 2107 493 2160 ξ
532 2108 596 2147 58.
659 2106 726 2147 De
771 2105 1057 2147 Scholia-stae
1100 2106 1226 2146 fonte
1267 2105 1315 2146 in
1356 2118 1423 2158 ep.
1466 2105 1558 2146 129
1593 2105 1844 2147 afferendo.
1902 2104 2051 2146 Eidem

412 2173 518 2213 fonti
562 2173 677 2224 (Cor.
729 2172 846 2222 Mel.)
885 2172 1035 2211 tribuit
1075 2172 1209 2211 Hiller
1245 2184 1310 2222 ep.
1355 2172 1431 2212 129
1468 2175 1724 2223 argumento
1759 2182 1869 2212 usus
1904 2169 2052 2211 debili:

411 2239 588 2279 eandem
608 2238 661 2277 de
682 2238 913 2277 Simonidis
938 2237 1104 2276 somnio
1125 2237 1329 2287 fabulam,
1353 2250 1483 2288 quam
1500 2238 1743 2288 praemittat
1754 2235 2053 2289 epigrammati

415 2305 652 2345 Scholiasta
688 2303 950 2352 AristideuS,
1001 2303 1044 2341 in
1092 2303 1234 2342 codice
1282 2304 1475 2343 Palatino
1510 2302 1808 2355 epigrammati
1843 2301 2051 2343 adiectam

411 2382 518 2410 esse.
562 2369 730 2410 Scholia
766 2368 853 2407 duo
889 2368 982 2418 illa,
1024 2379 1208 2417 quorum
1246 2369 1534 2419 discrepantia
1572 2380 1677 2409 sane
1713 2367 1923 2408 Hillerum
1964 2377 2052 2407 non

412 2437 602 2487 fugerat,
634 2435 703 2475 hic
730 2434 883 2474 habes:

459 2501 599 2540 Schol.
632 2512 672 2551 p.
705 2499 783 2540 533
813 2500 861 2538 D.
894 2499 947 2538 ad
977 2499 1047 2538 Ar.
1079 2510 1141 2538 or.
1271 2499 1410 2539 Schol.
1434 2511 1459 2539 a
1477 2499 1725 2540 Gorrectore
1736 2499 1781 2539 in
1796 2509 1932 2550 marg.
1950 2507 2048 2548 sup.

536 2565 590 2605 de
617 2565 675 2604 IV
703 2565 782 2604 vir.
814 2564 893 2604 215
924 2564 972 2602 D.
996 2562 1064 2613 23).
1294 2565 1450 2604 codicis
1479 2565 1658 2604 Palatini
1687 2576 1728 2615 p.
1760 2563 1840 2604 219
1867 2562 1923 2604 ad
1953 2573 2021 2614 ep.

1306 2630 1381 2669 129
1393 2629 1658 2680 (=AP.V11.
1677 2630 1747 2680 77)
1762 2628 2012 2680 ascriptum.

466 2699 752 2752 ὁΣιμωνίὸης
765 2698 973 2751 προσέσχε
987 2696 1060 2737 τινὶ
1076 2697 1195 2749 τόπῳ
1320 2693 1568 2747 Σιμωνίδης
1629 2693 1771 2747 εὑρὼν
1805 2691 1959 2745 νεκρὸν
2005 2690 2053 2733 ἓν

413 2765 484 2807 καὶ
532 2764 732 2818 λείψανον
782 2763 923 2816 εὑρὼν
973 2763 1195 2815 κοσμήσας
1268 2759 1386 2812 νήσῳ
1406 2759 1478 2800 τινὶ
1503 2759 1653 2812 »θάψας
1666 2758 1932 2811 ἐπέγραψεν·
1954 2768 2047 2811 ως.

413 2831 590 2884 ἔθαψεν.
1268 2838 1335 2878 φ.
1370 2825 1471 2865 128.

455 2986 504 3022 22)
548 2986 711 3018 Scholion
737 2984 830 3026 apud
856 2983 1075 3016 Dindorlium
1101 2987 1243 3015 tantum
1268 2985 1361 3014 recte
1386 2981 1534 3022 legitur:
1558 2980 1651 3020 apud
1666 2978 1917 3011 Frommelium
1933 2986 2051 3010 emme

413 3043 619 3075 adiunctum
642 3044 698 3074 est
719 3042 850 3073 scholio
875 3040 1096 3082 pmecedenti
1122 3039 1258 3081 proprio
1282 3039 1450 3071 lemmate
1473 3037 1611 3069 omisso.

457 3098 504 3138 ⁴23)
551 3099 600 3131 De
625 3098 689 3130 hoc
712 3097 875 3129 Aristidis
899 3098 973 3129 loen
998 3097 1063 3128 vid.
1088 3094 1105 3135 ἓ
1128 3095 1173 3127 62
1196 3098 1233 3127 et
1256 3093 1273 3135 ἓ
1296 3093 1372 3127 132.
