2072 3568
960 252 1035 291 231
1530 253 1556 305 §3
1589 254 1810 294 133-136.

233 377 285 416 In
322 377 471 416 ceteris
507 376 826 426 epigrammatis
862 377 1083 426 proprium
1123 377 1341 416 Collectori
1376 378 1579 417 iudicium
1608 379 1814 417 utendum

179 444 281 482 erat.
315 441 531 492 Imprimis
559 453 654 491 epp.
683 442 736 480 ad
766 454 834 480 res
863 442 906 480 in
932 441 1041 481 bello
1060 442 1221 481 Medico
1241 444 1383 492 gestas
1404 443 1606 482 ascivisse
1627 444 1812 492 videtur;

54 502 67 509 ³
179 508 301 547 cuius
338 507 434 546 belli
471 506 703 556 principem
743 508 908 556 poetam
946 507 1338 557 epigrammaticum
1382 508 1515 546 fuisse
1556 509 1813 547 Simonidem

178 574 219 611 et
245 572 364 611 locus
394 572 662 611 Herodoteus
690 574 730 610 et
758 573 871 611 fama
900 573 1046 611 testari
1076 572 1331 611 videbantur
1362 572 1431 623 (cf.
1464 572 1489 623 ξ
1520 572 1626 622 132).
1662 575 1813 613 Utrum

179 640 319 677 autem
370 637 534 687 omnia,
591 649 701 687 quae
751 638 786 676 ei
840 640 1010 687 praesto
1061 639 1224 687 essent,
1273 650 1367 687 epp.
1416 638 1561 676 bellica
1608 638 1814 678 Simonidi

177 703 462 752 inscripserit,
504 715 558 741 an
597 703 812 752 consulto,
854 714 964 752 quae
1001 703 1037 741 ei
1073 715 1096 741 a
1136 703 1352 741 Simonide
1380 703 1514 741 aliena
1546 703 1809 753 viderentur,

179 768 418 818 secluserit,
451 780 529 818 pro
557 770 671 807 certo
690 768 889 807 constitui
910 768 1068 817 nequit.
1104 768 1209 807 Cum
1236 770 1375 806 tamen
1394 780 1513 817 epp.‚
1547 769 1688 818 qualia
1713 771 1814 807 sunt

179 833 514 884 Eurymedontia
554 833 628 873 105
657 835 698 872 et
727 833 803 872 142
832 835 960 882 atque
988 833 1244 872 Atheniense
1274 833 1368 883 108,
1401 845 1510 882 quae
1539 834 1592 872 ad
1623 845 1690 872 res
1719 836 1814 883 post

181 898 440 938 Simonidem
492 900 709 937 mortuum
757 900 900 949 gestas
952 899 1185 948 pertinent,
1242 900 1388 948 poetae
1436 898 1680 937 adiudicare
1728 911 1812 937 non

177 964 456 1014 dubitaverit,
490 965 604 1003 haud
635 976 801 1003 summa
831 964 1025 1003 cautione
1053 976 1102 1002 ac
1129 964 1345 1014 diligentia
1375 975 1481 1002 usus
1510 975 1603 1002 esse
1629 964 1808 1002 videtur.

178 1030 240 1068 Ea
268 1030 321 1068 de
348 1041 478 1069 causa
507 1030 702 1068 existimo
730 1041 827 1068 eum
857 1042 942 1068 non
973 1029 1216 1079 seposuisse
1235 1041 1328 1078 epp.
1354 1029 1407 1067 ad
1426 1029 1581 1067 bellum
1603 1029 1812 1067 Medicum

176 1095 429 1145 pertinentia
467 1096 582 1144 apud
611 1097 826 1134 auctorem
855 1095 946 1133 eius
976 1095 1198 1144 Ephorum
1227 1094 1398 1132 laudata
1428 1094 1500 1143 90,
1536 1093 1633 1142 135,
1670 1094 1743 1132 139
1773 1096 1813 1132 et

176 1172 240 1210 ep.
278 1160 544 1200 Simonideae
577 1161 702 1199 aetati
731 1172 894 1210 suppar
922 1160 1036 1210 apud
1066 1159 1329 1198 Herodotum
1359 1159 1532 1197 obvium
1566 1159 1661 1208 132,
1704 1171 1813 1207 quae

177 1227 343 1265 tantum
367 1237 581 1276 anonyma
606 1225 659 1264 ad
686 1237 763 1264 nos
788 1227 1076 1275 pervenerunt
1104 1224 1174 1275 (cf.
1197 1224 1222 1276 ξ
1247 1225 1321 1263 133
1343 1223 1444 1274 sq.)-.
1480 1225 1811 1273 Nonnumquam

177 1282 401 1341 peculiaris
439 1303 568 1330 causa
606 1291 837 1330 accessisse
875 1291 1064 1339 videtur,
1106 1302 1183 1329 cur
1215 1302 1278 1339 cp.
1309 1289 1478 1338 aliquod
1512 1289 1717 1327 Simonidi
1746 1301 1812 1327 ac-

176 1359 384 1405 censeret;
429 1357 559 1395 veluti
597 1356 640 1395 in
678 1357 854 1406 proclivi
891 1358 981 1395 erat
1022 1355 1228 1394 Simonidi
1265 1355 1452 1393 tribuere
1489 1366 1583 1403 epp.
1623 1354 1813 1403 quinque

177 1422 445 1461 Corinthiaca
473 1423 513 1461 et
541 1422 856 1472 Megarensium
884 1421 1146 1471 epitaphium
1178 1420 1274 1470 107,
1308 1420 1422 1469 quod
1447 1422 1568 1469 poeta
1594 1419 1636 1457 in
1659 1419 1811 1457 horum

176 1487 379 1526 honorem
418 1488 627 1537 hymnum
662 1487 970 1536 composuisset
1001 1486 1161 1537 (Schol.
1190 1486 1364 1524 Theocr.
1398 1486 1493 1523 XII.
1522 1485 1586 1534 27,
1620 1484 1671 1523 cf.
1705 1483 1729 1534 ξ
1761 1483 1812 1522 40

176 1564 218 1591 n.
251 1551 318 1602 3),
359 1553 453 1591 illos
491 1553 535 1590 in
572 1553 704 1602 elegia
745 1551 815 1602 (fr.
844 1552 894 1591 84
925 1553 996 1599 Β.)
1028 1552 1338 1590 celebravisset.
1388 1550 1546 1589 Deinde
1575 1549 1812 1598 respexisse

178 1618 345 1657 videtur
373 1630 421 1657 ea
449 1618 778 1668 epigrammata,
821 1630 931 1667 quae
959 1617 1151 1655 homines
1181 1617 1450 1666 spectabant,
1488 1615 1646 1665 quibus
1678 1614 1811 1653 Simo-

177 1683 297 1722 nides
344 1683 609 1722 familiariter
638 1693 763 1722 ‘usus
809 1695 903 1722 esse
949 1682 1222 1732 tradebatur,
1273 1693 1308 1720 e.
1342 1693 1381 1731 g.
1429 1693 1493 1730 ep.
1543 1680 1644 1729 138,
1697 1680 1811 1728 quod

176 1749 415 1788 Pausanias
445 1748 658 1788 communi
689 1749 947 1788 Graecorum
977 1747 1155 1786 donario
1184 1749 1280 1797 post
1310 1747 1596 1785 Plataeensem
1622 1757 1809 1795 pugnam

176 1814 350 1854 inscribi
389 1814 535 1863 iussit,
577 1815 691 1863 quod
729 1826 793 1863 cp.
836 1814 961 1852 etiam
991 1815 1163 1862 propter
1192 1814 1492 1862 argumentum
1524 1810 1810 1860 recipiendum

174 1881 284 1928 erat;
323 1891 416 1929 epp.
465 1879 756 1918 Pisistratidas
794 1878 1027 1928 spectantia
1067 1890 1124 1917 sc.
1166 1889 1230 1927 ep.
1276 1877 1347 1915 111
1388 1877 1430 1915 in
1472 1875 1652 1925 Hippiae
1680 1875 1810 1913 filiam

174 1944 448 1984 Archedicam
490 1966 542 1972 -—
578 1945 661 1984 iam
704 1945 994 1984 Simonideum
1034 1944 1148 1993 apud
1186 1943 1450 1981 Aristotelem
1488 1963 1540 1969 —-
1578 1943 1705 1990 atquc
1742 1952 1806 1989 ep.

178 2009 249 2048 131
294 2010 336 2048 in
382 2010 662 2049 Harmodium
701 2013 742 2049 et
779 2009 1120 2059 Aristogitonem.
1171 2008 1394 2047 Difficilius
1432 2007 1546 2046 dictu
1585 2008 1672 2055 est,
1707 2005 1809 2054 quid

175 2077 348 2114 secutus
398 2075 451 2114 sit
502 2075 545 2114 in
597 2075 916 2126 epigrammatis
968 2075 1231 2124 privatorum
1280 2074 1322 2111 in
1367 2073 1568 2111 honorem
1613 2071 1804 2110 conditis.

176 2140 366 2190 Epinicia
403 2141 709 2191 epigrammata
747 2141 789 2179 in
830 2151 984 2190 pueros
1023 2140 1247 2189 Aeginetas
1289 2138 1496 2187 Sogenem
1539 2135 1652 2186 (166)
1683 2138 1810 2184 atque

175 2205 466 2256 Theognetum
511 2205 624 2256 (149)
669 2217 765 2244 eum
809 2205 901 2244 ideo
945 2205 1153 2254 recepisse
1193 2203 1439 2252 conieceris‚
1495 2202 1608 2251 quod
1651 2201 1694 2238 in
1738 2212 1809 2238 cos

174 2273 367 2310 extarent
398 2271 628 2310 Simonidis
648 2271 824 2320 epinicia
844 2270 1045 2309 carmina.
1070 2270 1163 2315 Qua
1184 2271 1400 2319 praetcrea
1421 2268 1589 2306 levitate
1615 2268 1809 2305 versatus

175 2337 229 2375 sit
266 2336 309 2375 in
347 2336 665 2386 epigrammatis
702 2335 815 2385 apud
847 2335 1075 2384 scriptores
1104 2333 1241 2373 obviis
1274 2333 1481 2372 Simonidi
1510 2331 1805 2381 assignandis,

174 2401 325 2441 docent
361 2414 455 2451 epp.
498 2401 583 2439 duo
620 2401 662 2439 in
702 2401 959 2439 Pausaniam
999 2402 1126 2450 atque
1159 2400 1364 2438 Acronem
1395 2397 1578 2436 medicos
1606 2396 1660 2435 ab
1688 2408 1737 2434 eo
1766 2395 1806 2433 in

178 2467 376 2517 Syllogen
405 2466 692 2506 Simonideum
718 2467 906 2516 recepta,
934 2476 1195 2515 quamquam
1221 2465 1263 2502 in
1284 2464 1375 2502 eius
1396 2463 1511 2502 fonte
1531 2461 1808 2511 Empedoclea

174 2532 424 2571 auctoritate
465 2534 615 2571 ornata
662 2533 796 2571 erant.
850 2532 1000 2571 Utrum
1048 2530 1101 2569 ad
1135 2529 1300 2569 dicendi
1341 2528 1546 2567 rationem
1585 2526 1809 2566 attenderit

175 2608 328 2647 necne,
361 2597 472 2636 effici
502 2597 660 2646 nequit.

228 2662 319 2701 Iam
359 2662 543 2701 vidimus
583 2661 608 2713 ξ
648 2661 721 2712 20,
761 2673 837 2701 cur
875 2672 1101 2700 numerum
1141 2660 1497 2715 epigrammatum
1527 2669 1550 2696 a
1581 2657 1810 2696 Collectore

174 2727 267 2766 iure
297 2727 503 2767 Simonidi
533 2727 835 2767 attributorum
865 2727 1144 2777 perexiguum
1173 2736 1267 2763 esse
1292 2735 1463 2763 necesse
1488 2723 1553 2761 sit.
1587 2722 1808 2767 Quatenus

175 2794 315 2831 autem
359 2793 577 2832 Collectori
615 2792 723 2831 fides
761 2793 814 2830 sit
853 2791 1047 2830 habenda
1085 2791 1389 2840 epigrammata
1431 2787 1636 2827 Simonidi
1676 2786 1807 2824 vindi-

175 2857 309 2907 canti,
342 2857 384 2896 in
414 2858 544 2897 altera
573 2858 702 2896 huius
731 2856 1095 2896 commentationis
1126 2858 1266 2905 parte,
1299 2866 1409 2903 quac
1433 2853 1511 2891 erit
1531 2852 1582 2890 de
1601 2851 1807 2900 epigram-

176 2924 336 2962 matum
377 2922 717 2962 Simonideorum
755 2924 890 2961 aetate
927 2923 1054 2971 atque
1087 2921 1271 2970 origine,
1313 2919 1547 2968 exponetur
1588 2917 1658 2966 (cf.
1695 2915 1719 2964 ,ξ
1757 2915 1808 2953 20

176 2999 216 3036 p.
247 2986 332 3037 32).

231 3051 256 3103 ,ξ’
299 3052 387 3092 136.
454 3052 662 3101 Quorum
701 3064 799 3103 epp.
846 3052 1014 3091 textum
1053 3047 1301 3089 mutaverit
1339 3047 1570 3087 (Iollae-tor.
1633 3047 1694 3084 Ex
1724 3046 1807 3094 opi-

176 3117 425 3167 grammatis
463 3118 512 3157 34
551 3117 598 3169 (ἓ
631 3116 748 3167 133),
791 3127 900 3166 quae
928 3117 969 3154 in
1004 3116 1174 3166 Sylloge
1206 3113 1445 3153 Simonidca
1477 3113 1579 3150 lecta
1609 3123 1702 3149 esse
1731 3110 1807 3148 sci-
