2072 3568
926 232 977 275 57
1537 236 1562 288 g
1594 237 1666 287 29,
1699 235 1763 276 30.

72 350 275 417 ff·OEm
298 360 347 399 cl.
371 372 397 399 a
421 371 522 399 vero
546 359 814 398 aberravisse
838 361 963 409 puto,
993 372 1090 399 cum
1115 359 1376 400 Athenaeum
1399 362 1442 400 in
1466 362 1654 400 notitiam
1676 362 1767 401 eius

71 425 374 476 .·.;s‘criptoris‚
413 436 540 475 quem
569 424 820 474 primarium
849 425 940 463 eius
969 425 1128 464 fontem
1157 425 1290 465 fuisse
1319 426 1498 476 accepit,
1539 427 1626 466 scil.
1661 428 1767 467 Cha-

69 498 105 548 J:
130 490 400 540 >maeleontis‚
432 490 628 529 intulisse
656 490 909 529 sententiam
938 492 1127 529 censeret
1156 489 1217 535 ὡς
1241 489 1311 530 καὶ
1338 489 1596 543 Θεόπομπος
1619 491 1774 543 ἱστορεῖ

133 553 205 596 καὶ
234 553 405 607 Τίμαιος
433 553 477 594 ἓν
505 557 554 606 τῇ
583 552 630 605 ζ’,
668 554 840 604 ‘quibus
868 555 937 594 ine
965 555 1069 594 nihil
1093 556 1231 595 dicere
1256 557 1346 595 vult
1371 557 1452 595 nisi
1477 557 1529 595 de
1552 557 1697 596 eadem
1723 569 1768 596 re

12 671 13 677 ¹
133 622 300 672 praeter
322 622 538 660 auctorem
561 621 685 659 antea
710 619 997 670 nominatum,
1026 632 1152 669 quem
1174 621 1384 670 sequitur,
1415 622 1539 660 etiam
1561 622 1639 660 hos
1659 622 1767 661 duos

11 712 13 734 ;
133 686 263 727 verba
291 685 459 734 fecisse3
497 686 710 735 quatenus
740 697 837 724 cum
867 685 1190 725 chamaeleonte
1219 686 1577 737 conspiraverint,
1617 687 1767 737 ecquid

133 751 233 792 novi
261 751 508 800 habuerint,
548 750 674 789 usiae
701 749 860 789 fuerint
889 750 994 789 alter
1022 751 1173 800 altero,
1218 751 1322 789 nihil
1350 750 1500 790 curat’.
1551 751 1634 791 Sed
1662 752 1766 790 illud

10 812 14 856 ἲ
133 817 268 858 cuivis
308 817 446 867 primo
486 815 639 855 obtutu
681 817 859 865 apparet
901 816 1151 865 primarium
1193 817 1396 856 Athenaei
1438 818 1596 856 fontem
1634 818 1768 856 fuisse

10 876 12 878 ’
134 882 512 924 Chamaeleontem.
533 881 594 920 De
606 881 866 931 Theopompi
880 881 1124 931 Timaeique
1139 882 1333 932 partibus
1349 884 1495 932 postea
1512 882 1762 921 videbimus.

9 947 11 954 ’
185 947 512 997 Wilamowitzio,
537 958 634 986 cum
650 948 885 996 quaereret,
906 958 1117 996 quaenam
1134 947 1446 987 Chamaeleonti
1461 948 1588 987 fuerit
1603 948 1767 987 occasio

9 1027 12 1028 ⁷
131 1011 175 1053 in
202 1012 311 1052 libro
338 1013 391 1052 de
419 1012 605 1052 Pindaro
637 1011 869 1051 Simonidei
893 1012 1212 1062 epigrammatis
1238 1013 1594 1052 commemorandi
1618 1013 1766 1051 moris-

128 1087 216 1128 que
233 1077 440 1118 Corinthii
467 1077 719 1127 enarrandi,
753 1077 837 1116 iam
857 1078 1027 1126 praesto
1046 1079 1136 1116 erat
1156 1078 1417 1127 quaestionis
1438 1078 1591 1117 solutio
1610 1078 1762 1127 huius,

131 1140 405 1183 matronaene
441 1153 496 1182 an
534 1142 775 1181 meretrices
815 1142 1059 1182 Corinthiae
1096 1143 1301 1182 Venerem
1336 1156 1413 1193 pro
1442 1144 1602 1194 patriae
1631 1144 1767 1182 saluto

64 1209 96 1261 ξ’
131 1209 419 1262 comprecatae
445 1219 541 1247 esse
569 1207 829 1247 viderentur.
882 1208 1102 1258 Perspexit
1129 1210 1240 1248 enim
1272 1209 1337 1247 vir
1366 1210 1465 1248 clar.
1501 1209 1629 1248 verba
1659 1209 1765 1248 Cha-

130 1272 375 1314 meleontis
417 1273 472 1312 ab
513 1273 728 1312 Athenaeo
768 1273 941 1313 laudata
984 1285 1070 1313 non
1114 1275 1249 1313 solum
1293 1286 1340 1314 ea
1384 1275 1599 1324 complexa
1641 1285 1761 1323 esse,

58 1333 114 1387 ξι
130 1347 241 1390 quae
267 1339 320 1379 de
347 1339 652 1390 epigrammate
683 1338 927 1378 Simonideo
956 1339 1118 1389 attulit,
1152 1339 1226 1378 sed
1250 1340 1375 1379 etiam
1399 1352 1469 1390 ea,
1503 1351 1612 1389 quae
1636 1339 1765 1378 verba

131 1415 264 1454 supra
293 1403 340 1456 (ἕ
371 1402 441 1454 25)
471 1404 660 1454 excripta
691 1404 1035 1454 subsequuntur:
1079 1403 1343 1457 ὑπάρχοντος
1371 1402 1447 1444 οὖν
1476 1407 1548 1444 τοῦ
1577 1403 1765 1443 τοιούτου

8 1485 10 1487 ’
71 1463 181 1525 ..ζ-νο
226 1483 313 1521 μου
340 1467 435 1521 περὶ
463 1467 536 1521 τὴν
563 1467 668 1509 θεὸν
698 1467 958 1521 Ξενοφῶν
986 1468 1011 1509 ό
1039 1467 1360 1522 Κορίνθιος,
1389 1468 1513 1516 ἐξιὼν
1536 1468 1763 1521 εἰςὈλυμ-

67 1532 229 1587 J3waav
255 1532 322 1575 ἐπὶ
347 1532 420 1574 τὸν
448 1533 616 1586 ἀγῶνα,
654 1532 744 1573 καὶ
781 1532 941 1578 αὐτὸς
979 1532 1206 1580 ἀπάξειν
1243 1533 1459 1585 ἑταίρας
1497 1533 1688 1580 εὔξατο
1717 1537 1764 1585 τῇ

131 1596 225 1652 θεῷ
263 1598 456 1652 νικήσας,
498 1597 776 1650 Πίνδαρός
818 1613 858 1639 τε
900 1597 945 1639 τὸ
986 1598 1065 1650 μὲν
1105 1601 1276 1651 πρῶτον
1317 1599 1501 1651 ἔγραψεν
1543 1598 1599 1643 εἰς
1639 1596 1766 1638 αὐτὸν

130 1663 425 1718 ἐγκώμιον,
461 1661 512 1705 οὗ
542 1663 567 1718 ἡ
597 1663 707 1717 ἀρχή
740 1663 823 1715 (01.
857 1665 976 1704 XIII.
1012 1663 1072 1715 1)-

342 1728 736 1782 τρισολυμπιονίκαν
764 1729 971 1770 ἐπαινέων
999 1727 1117 1770 οἶκον

130 1793 302 1847 ὕστερον
331 1794 377 1836 δὲ
404 1793 476 1837 καὶ
503 1793 725 1836 σκόλιον
756 1794 827 1846 (fr.
849 1795 924 1834 122
944 1794 1088 1846 Schr.)
1119 1794 1164 1835 τὸ
1193 1794 1308 1847 παρὰ
1338 1794 1411 1847 τὴν
1442 1794 1591 1835 θυσίαν
1619 1794 1763 1847 ᾀσθέν,

76 1854 111 1919 1}
130 1858 175 1901 ἕν
208 1857 248 1914 ᾦ
283 1859 358 1914 τὴν
385 1859 521 1914 ἀρχὴν
549 1859 715 1904 εὐθέως
741 1859 961 1912 πεποίηται
989 1858 1099 1912 πρὸς
1127 1859 1198 1905 τὰς
1226 1860 1409 1912 ἑταίρας,
1449 1861 1503 1900 αἲ
1534 1875 1676 1911 παρα
1690 1874 1763 1911 γε-

62 1918 362 1978 «ἐςνομένου
411 1928 504 1966 τοῦ
555 1923 912 1977 Ξενοφῶντος
960 1925 1048 1966 καὶ
1099 1924 1330 1971 θύοντος
1378 1929 1433 1978 τῇ
1476 1924 1762 1978 Ἀφροδίτῃ

6 1983 8 1986 ⁴
63 1986 328 2045 ῗὲσυνέθυ
340 2004 446 2032 σαν,
490 1989 637 2043 διόπερ
665 1991 748 2044 ἔφη
781 1992 854 2043 (ib.
888 2004 927 2031 v·
965 1992 1011 2031 14
1042 1991 1176 2042 sqq.)·

67 2045 107 2074 ”’
140 2080 142 2082 v
341 2053 380 2097 ὦ
409 2054 590 2109 Κύπρου
620 2055 839 2103 δέσποινα,
868 2055 959 2097 τεὸν
988 2055 1100 2096 δεῦτ’
1125 2055 1167 2102 ἐς
1194 2055 1320 2101 ἄλσος

341 2119 580 2174 φορβάδων
607 2124 743 2174 κορᾶν
771 2120 924 2174 ἀγέλαν
952 2120 1224 2174 ἑκατόγγυιον
1254 2119 1460 2173 Ξενοφῶν
1489 2119 1639 2165 τελέαις

78 2236 82 2241 .
118 2218 124 2234 ‚
340 2185 520 2239 ἐπάγαγ’
543 2186 749 2240 εὐχωλαῖς
777 2186 945 2232 ἰανθείς.

67 2249 285 2309 ξ’·ἤρξατο
313 2250 355 2292 δ’
379 2251 516 2298 οὕτως
543 2255 616 2293 τοῦ
643 2251 799 2305 μέλους
830 2252 903 2304 (ib.
937 2265 976 2292 v.
1012 2253 1031 2292 1
1064 2251 1199 2303 sqq.)·

338 2316 562 2365 πολύξεναι
590 2316 793 2364 νεανίδες,
823 2316 1056 2370 ἀμφίπολοι

340 2380 532 2428 Πειθοῦς
559 2382 604 2424 ἐν
631 2382 780 2436 ἀφνεῷ
808 2381 1037 2435 Κορίνθῳ,

337 2447 389 2488 αἴ
407 2463 449 2489 τε
475 2450 548 2494 τᾶς
574 2447 745 2502 χλωρᾶς
772 2447 946 2500 λιβάνου
975 2445 1114 2495 ξανθὰ
1145 2446 1282 2498 δάκρη

341 2511 539 2564 θυμιᾶτε,
567 2512 744 2555 πολλάκι
772 2513 922 2566 ματέρ’
947 2512 1122 2565 ἐρώτων
1150 2511 1350 2564 οὐρανίαν
1378 2510 1580 2562 πτάμεναι

340 2577 516 2631 νοήματι
543 2578 652 2631 πρὸς
674 2578 946 2632 Ἀφροδίταν,

339 2641 472 2696 ὔμμιν
499 2643 649 2685 ἄνευθ’
676 2644 903 2697 ἐπαγορίας
931 2644 1100 2695 ἔπορεν,

340 2705 379 2748 ὦ
404 2707 571 2756 παῖδες,
601 2709 824 2762 ἐρατειναῖς
849 2709 923 2761 (ἐν
952 2707 1258 2760 Βίςὶι.>ἐύναῖς

337 2771 566 2824 μαλθακᾶς
594 2773 713 2827 ὥρας
741 2773 826 2815 ἀπὸ
854 2772 1022 2826 καρπὸν
1051 2772 1291 2825 δρέπεσθαι.

86 2862 134 2885 χ
339 2835 415 2878 σὺν
443 2836 486 2878 δ’
511 2837 676 2892 ἀνάγκᾳ
704 2841 789 2880 πᾶν
817 2838 948 2879 καλόν
978 2871 985 2879 .
1017 2871 1023 2878 .
1056 2870 1062 2878 .

91 2894 364 2953 ἷᾷρξάμενος
391 2902 440 2943 θ’
465 2902 622 2951 οὕτως,
657 2904 754 2957 ἑξῆς
781 2919 910 2957 φησιν
940 2905 1013 2956 (ib.
1049 2916 1087 2943 v.
1124 2904 1171 2943 10
1200 2904 1334 2953 sqqm)

91 2963 115 2993 '³¹
150 2976 152 2979 ’
339 2966 442 3009 ἀλλὰ
469 2967 708 3021 θαυμάζω,
738 2969 775 3010 τί
798 2984 853 3021 με
880 2969 1001 3016 λέξοι
1003 2984 1035 3008 τι
1062 2967 1237 3020 Ἰσθμοῦ

340 3027 535 3074 δεσπόται
563 3033 725 3075 τοιάνδε
752 3034 1007 3087 μελίφρονος
1036 3032 1171 3087 ἆρχαν
1199 3032 1429 3085 εὑρόμενον
1458 3031 1626 3072 σκολιόυ

339 3097 549 3151 ξυνάορον
577 3099 720 3146 ξυναῖς
749 3098 944 3152 γυναιξίν.
975 3154 977 3156 v
