2072 3496
973 219 1051 258 247
1544 219 1570 272 ς
1602 221 1700 271 142,
1736 221 1824 260 143.

247 344 387 382 Pauca
425 343 653 382 admodum
693 355 745 382 ex
781 344 1099 393 epigrammatis
1141 343 1394 382 Simonideis
1432 356 1507 393 per
1543 347 1700 383 aetates
1735 345 1828 383 illas

193 411 367 447 cunctas
397 409 595 458 persequi
623 409 738 457 licet,
772 409 900 447 veluti
929 421 982 447 ex
1010 410 1446 458 Thermopylensibus
1475 409 1560 447 duo
1593 409 1659 460 (91
1686 411 1726 448 et
1751 410 1824 459 92,

192 473 245 511 de
271 485 335 523 ep.
365 473 414 512 94
447 474 529 511 vid.
559 473 710 523 infra),
744 485 796 512 ex
826 473 1106 512 Corinthiacis
1136 473 1215 512 tria
1247 473 1335 523 (97,
1364 474 1437 522 98,
1470 475 1566 523 134,
1596 475 1648 513 de
1666 487 1731 524 ep.
1753 475 1828 514 137

191 539 232 576 et
260 538 311 578 96
342 539 424 577 vid.
451 537 598 589 infra).
633 539 862 588 Complura
886 540 997 577 enim
1021 539 1327 588 epigrammata
1352 539 1394 576 in
1419 539 1681 589 Anthologiis
1703 540 1827 578 obvia

191 605 286 652 post
333 604 591 654 Meleagrum
638 605 808 643 demum
856 605 1147 643 auctoritatem
1193 604 1480 643 Simonideam
1529 606 1683 643 nancta
1726 606 1828 643 sunt

193 667 296 718 (vid.
346 668 372 719 ξ
415 669 653 719 praeced),
704 671 850 708 eontra
893 681 944 707 ex
987 669 1305 719 epigrammatis
1347 670 1425 719 34,
1477 681 1586 718 quae
1631 670 1828 719 Syllogae

194 733 462 773 Simonideae
497 729 836 774 adiudicavimus'
876 733 922 785 (ξ
961 734 1075 784 133),
1118 735 1167 773 24
1198 736 1364 773 tantum
1393 736 1436 772 in
1466 735 1602 784 ipsius
1635 735 1827 784 Sylloges

190 799 441 849 fragmentis
486 800 838 850 Anthologiarum
886 800 1102 838 Palatinae
1150 800 1214 838 vel
1262 800 1503 838 Planudeae
1549 800 1828 838 inveniuntur

193 863 304 915 (epp.
338 866 389 904 89
422 868 462 904 et
494 866 567 905 149
598 865 720 904 unice
748 865 792 903 in
822 864 984 915 Plan.);
1025 877 1077 903 ex
1106 865 1279 914 reliquis
1308 865 1626 914 epigrammatis
1657 864 1825 904 decem:

246 930 286 981 1)
332 931 425 970 duo
466 931 577 982 (epp.
618 931 690 970 111
729 933 770 970 et
808 931 858 970 94
901 929 970 981 [cf.
1010 933 1151 969 tamen
1184 930 1209 981 ξ
1240 929 1400 981 99,12])
1432 931 1475 968 in
1505 931 1613 969 trad.
1643 930 1676 968 A
1704 931 1828 969 unice

190 998 359 1034 servata
397 999 520 1046 sunt,
563 997 606 1034 in
641 1008 726 1045 qua
756 996 839 1035 iam
869 1008 966 1035 cum
999 996 1229 1034 Simonidis
1259 996 1428 1034 nomine
1457 996 1827 1045 coniungebantur

191 1059 262 1111 (ef.
294 1060 352 1112 ἓξ
383 1062 429 1111 2,
469 1062 492 1100 9
522 1074 610 1110 sq.;
651 1060 710 1112 ἓξ
741 1062 814 1111 22,
853 1060 944 1111 37);
985 1073 1033 1100 ea
1062 1061 1106 1099 in
1138 1061 1240 1111 Syll.
1274 1061 1453 1100 affuisse
1482 1062 1668 1110 constat,
1711 1062 1826 1110 quod

189 1127 229 1164 et
267 1127 471 1166 Collector
507 1127 610 1166 locis
647 1127 720 1165 ubi
758 1127 960 1176 leguntur
998 1138 1106 1165 usus
1140 1129 1204 1165 est
1236 1125 1282 1177 (ξ
1315 1126 1408 1176 135)
1440 1129 1480 1165 et
1509 1127 1748 1165 Mnasalcas
1777 1138 1825 1164 ea

188 1191 232 1229 in
264 1191 366 1241 Syll.
393 1192 547 1242 legisse
576 1192 744 1231 videtur
775 1191 821 1242 (ξ
857 1192 949 1240 127;
983 1191 1009 1243 ἓ
1042 1191 1151 1242 129).

241 1255 284 1306 2)
331 1256 424 1296 tria
448 1260 681 1307 supersunt
705 1259 819 1308 apud
845 1258 1095 1308 scriptores,
1125 1258 1198 1306 qui
1226 1257 1397 1307 Sylloge
1422 1257 1489 1294 usi
1514 1259 1634 1294 sunt:
1665 1268 1728 1305 ep.
1750 1256 1825 1294 137

187 1322 230 1360 in
264 1322 365 1373 Syll.
394 1324 493 1373 legit
523 1324 743 1373 Timaeus,
780 1335 831 1362 ex
861 1335 946 1373 quo
974 1326 1014 1362 et
1043 1323 1168 1362 fluxit
1196 1323 1238 1361 in
1270 1323 1547 1361 Plutarchum
1576 1323 1616 1359 et
1644 1322 1687 1359 in
1718 1322 1824 1360 Cha-

189 1389 461 1428 maeleontem
500 1392 628 1438 atque
663 1389 925 1428 Athenaeum
967 1388 1012 1440 (§
1052 1389 1101 1427 31
1143 1387 1258 1438 sq.),
1300 1400 1364 1437 ep.
1404 1387 1479 1426 163
1518 1387 1824 1436 Aristophanes

190 1453 423 1503 Byzantius
452 1455 506 1493 ab
536 1455 761 1493 Eustathio
789 1455 990 1493 laudatus
1022 1453 1101 1505 (ἓξ
1132 1454 1205 1503 22,
1240 1454 1310 1502 37,
1346 1452 1461 1502 116),
1494 1464 1558 1501 ep.
1577 1452 1652 1490 166
1668 1452 1824 1490 Aristo-

188 1518 338 1558 demus
367 1520 410 1558 in
444 1520 623 1559 Scholiis
655 1520 890 1559 Pindaricis
919 1520 1073 1558 allatus
1105 1518 1151 1570 (ἓ
1184 1518 1251 1568 77)
1273 1518 1323 1568 2).

240 1583 283 1634 3)
329 1584 535 1636 quinque
579 1586 762 1635 denique
808 1586 1005 1635 persequi
1053 1596 1283 1635 possumus
1326 1595 1464 1632 usque
1505 1583 1558 1621 ad
1601 1594 1699 1631 eos,
1751 1582 1824 1630 qui

188 1649 398 1689 Coronam
442 1651 719 1701 Meleagream
764 1651 1052 1690 adhibuerunt
1080 1650 1136 1700 3):
1181 1662 1232 1688 ex
1273 1650 1342 1688 illa
1386 1648 1625 1687 Favorinus
1666 1646 1712 1698 (ξ
1752 1646 1821 1696 53)

188 1715 330 1754 hausit
358 1728 421 1766 ep.
443 1717 493 1755 96
525 1715 610 1766 (cui
640 1717 750 1755 inter
773 1728 838 1766 ep.
857 1716 907 1755 92
933 1718 972 1755 et
997 1716 1047 1755 97
1071 1716 1190 1755 locus
1216 1715 1350 1753 fuisse
1376 1714 1555 1762 videtur,
1584 1713 1636 1752 cf.
1660 1711 1685 1763 ἓ
1710 1710 1819 1762 101),

188 1780 408 1819 Helladius
449 1780 495 1832 (ἓ
534 1780 625 1831 40),
668 1782 856 1831 pontifex
885 1782 1148 1831 Megarensis
1176 1793 1240 1830 ep.
1272 1780 1347 1818 107
1374 1778 1507 1830 (quod
1532 1779 1575 1816 in
1604 1778 1706 1828 Syll.
1731 1777 1823 1827 ipsa

186 1857 211 1884 a
249 1846 463 1885 Mnasalca
501 1846 655 1885 lectum
694 1850 779 1896 est,
822 1847 874 1886 ef.
915 1846 940 1897 ἓ
982 1845 1098 1896 129),
1141 1845 1400 1895 Hephaestio
1437 1856 1501 1893 ep.
1538 1843 1610 1882 131
1650 1841 1696 1893 (ἓ
1728 1841 1819 1892 54),

189 1910 395 1960 Diogenes
437 1912 630 1950 Laertius
672 1924 736 1962 ep.
774 1911 951 1951 Acronis
991 1910 1037 1962 (ξ
1079 1911 1128 1950 72
1167 1909 1304 1960 sqq.);
1350 1911 1497 1948 auctor
1534 1907 1822 1957 inscriptionis

186 1975 431 2026 choregicae
468 1976 572 2016 CIA.
612 1977 692 2014 III.
731 1976 781 2015 82
811 1987 841 2015 a
878 1989 917 2026 p.
955 1976 1032 2015 484
1070 1987 1135 2025 ep.
1176 1975 1251 2014 147
1289 1974 1451 2013 invenit
1489 1973 1675 2012 medium
1713 1973 1823 2011 inter

184 2052 279 2090 epp.
310 2041 385 2081 145
414 2043 454 2080 et
485 2042 560 2081 150
591 2041 638 2092 (ἓ
669 2042 716 2081 91
750 2054 789 2091 p.
821 2041 930 2091 153).

239 2107 412 2146 Praeter
448 2107 551 2146 haec
586 2118 698 2156 epp.,
739 2119 849 2156 quae
890 2107 1086 2156 Syllogae
1115 2106 1369 2145 vindicanda
1398 2106 1541 2153 erant,
1583 2103 1663 2142 alia
1694 2104 1818 2152 sunt,

185 2183 296 2220 quae
331 2172 374 2210 in
413 2173 579 2212 Corona
618 2172 851 2222 Meleagrea
881 2174 928 2210 ut
960 2171 1202 2210 Simonidea
1231 2171 1336 2209 lecta
1367 2172 1490 2218 sunt,
1535 2169 1586 2207 ad
1621 2168 1818 2217 Syllogen

185 2237 321 2286 ipsam
345 2249 444 2276 vero
464 2237 611 2276 referri
632 2239 868 2286 nequeunt;
890 2237 1099 2286 quaedam
1120 2248 1170 2275 ex
1191 2236 1241 2274 iis
1264 2247 1348 2274 non
1367 2247 1418 2273 ex
1438 2235 1608 2284 Sylloge
1624 2243 1822 2271 manasse

186 2302 251 2340 vel
280 2314 304 2340 a
334 2303 544 2352 Meleagro
573 2302 653 2341 alio
682 2302 803 2340 titulo
832 2303 996 2340 munita
1026 2303 1192 2351 recepta
1221 2312 1315 2339 esse
1343 2302 1505 2339 certum
1534 2301 1610 2337 est.
1672 2298 1821 2336 Pollux

185 2366 227 2404 in
259 2367 425 2406 Corona
454 2368 615 2406 invenit
643 2379 708 2417 ep.
743 2367 815 2406 130
847 2366 893 2417 (ξ
925 2367 994 2416 67,
1034 2378 1126 2405 meo
1154 2366 1309 2404 iudicio
1337 2377 1361 2403 a
1390 2365 1602 2414 Meleagro
1629 2375 1680 2401 ex
1714 2363 1820 2401 Sim-

186 2430 293 2470 miae
322 2432 483 2482 sylloge
511 2432 710 2482 petitum,
746 2431 771 2483 ἕ
793 2432 844 2470 82
867 2444 907 2470 n.
930 2430 1044 2481 103),
1078 2431 1351 2469 Herodianus
1383 2429 1429 2479 (ξ
1452 2429 1515 2478 64,
1541 2429 1592 2467 cf.
1614 2427 1817 2477 addend.)

184 2507 278 2546 epp.
318 2496 415 2546 165,
460 2497 535 2536 148
575 2496 645 2547 (=
682 2497 764 2536 ΑΡ.
800 2497 918 2535 XIII.
946 2496 1016 2546 28)
1048 2509 1071 2535 a
1102 2497 1194 2534 Mel.
1224 2508 1275 2534 ex
1305 2494 1629 2544 inscriptionum
1659 2493 1822 2544 sylloge

186 2561 410 2612 haustum,
452 2574 516 2612 ep.
558 2563 632 2602 159
673 2562 805 2613 (quod
844 2562 959 2612 apud
998 2561 1363 2611 Ps.-Tryphonem
1402 2560 1575 2599 obvium
1606 2571 1657 2598 ex
1688 2559 1819 2598 Hero·

227 2751 258 2792 2)
305 2751 385 2784 Sola
411 2751 496 2785 haec
520 2752 586 2784 tria
610 2762 685 2793 epp.
710 2752 745 2784 in
770 2752 914 2794 Sylloge
938 2753 1011 2792 ipsa
1034 2762 1055 2783 u.
1079 2751 1308 2792 scriptoribus
1334 2751 1422 2783 lecta
1446 2760 1520 2782 esse
1544 2750 1685 2782 scimus.
1727 2748 1816 2781 Casu

184 2808 328 2849 accidit,
351 2808 445 2850 qnod
468 2809 542 2849 ipsu
568 2807 652 2841 haee
676 2818 753 2849 epp.
778 2808 813 2840 in
838 2807 1000 2849 Sylloges
1025 2808 1231 2849 fragmentis
1256 2818 1323 2839 non
1350 2806 1590 2839 inveniuntur.

228 2862 259 2903 3)
305 2863 432 2897 Decem
466 2875 559 2906 epp.,
594 2875 686 2907 quac
720 2865 756 2897 in
791 2864 933 2906 Sylloge
968 2864 1053 2896 Sim.
1090 2865 1247 2896 extitisse.
1283 2867 1436 2903 constat,
1473 2873 1511 2893 ex
1546 2873 1616 2903 qun
1649 2872 1708 2903 per
1741 2861 1818 2893 Mel.

185 2919 356 2952 Coronam
392 2920 427 2952 in
463 2919 568 2952 Anni.
605 2919 712 2962 Ceph.
747 2922 946 2961 linxerunt,
982 2921 1124 2962 insuper
1156 2920 1298 2951 inventa
1331 2932 1405 2950 esse
1438 2920 1568 2951 scimus
1602 2919 1634 2950 in
1668 2919 1819 2958 Corona,

184 2986 230 3008 sc.
265 2986 285 3007 a
324 2976 493 3008 Pausania
528 2987 603 3018 epp.
639 2975 724 3017 138,
764 2975 848 3016 140,
884 2975 948 3007 wo
983 2975 1015 3015 (g
1050 2975 1093 3006 (¹15
1128 2980 1213 3017 sq),
1252 2987 1270 3007 n
1308 2976 1474 3007 Favorino
1510 2986 1561 3016 ep.
1597 2974 1640 3005 98
1676 2974 1707 3015 (ἓ
1742 2974 1818 3010 sim:

185 3042 205 3063 a
235 3031 430 3064 Scholiasta
461 3030 621 3064 Aristidis
652 3042 729 3074 epp.
757 3031 818 3072 97,
850 3031 932 3073 100,
965 3031 1048 3071 101,
1079 3031 1145 3063 142
1178 3032 1210 3070 (ᾖ
1241 3031 1317 3071 57),
1350 3032 1393 3062 nb
1417 3034 1559 3063 :un-„tore
1585 3031 1819 3072 inscriptionis

185 3087 361 3119 Cretensis
386 3087 480 3120 BCH.
505 3088 594 3120 xm.
618 3087 662 3119 59
685 3099 761 3130 epp.
786 3087 830 3119 99
853 3092 890 3120 et
913 3087 977 3119 108
1002 3087 1034 3128 (ἓ
1057 3087 1148 3127 131).
