2072 3568
329 247 431 297 cap.
465 243 553 296 111,
587 245 650 286 32.
1105 246 1183 288 222

329 371 573 422 pracsertim
626 371 896 411 celebrabant
948 371 1142 423 Sylloges
1197 372 1467 415 Simonideae
1513 376 1849 431 epigrammata,
1900 389 1967 422 re-

326 437 462 487 spexit
493 438 575 486 ¹⁴²⁴⁴).

382 502 407 551 ,ξ
441 502 527 541 131.
589 500 881 542 ballationes
904 504 1014 554 post
1042 502 1272 544 Coronam
1303 503 1609 557 Mezeayream
1637 507 1967 553 ωησίίηιαέαη

324 568 484 607 saetae.
532 567 638 607 Cum
667 568 874 617 Meleager
899 568 1139 617 fragmento
1166 569 1362 620 Sylloges
1389 571 1659 612 Simonideae
1681 573 1725 614 in
1751 574 1965 617 Oommm

325 636 491 683 recepto
533 633 664 672 multa
707 645 801 684 epp.
847 634 1089 674 Simoniden
1132 635 1281 685 paucis
1326 636 1398 687 (ci.
1442 636 1469 689 ἓ
1516 637 1611 688 145)
1649 642 1828 680 eatenus
1864 628 1965 683 nott

326 698 478 748 publici
523 698 628 737 iuris
671 699 859 749 iecisset,
904 699 1237 749 epigrammatici
1283 704 1451 752 poetae,
1497 703 1657 755 quippe
1696 705 1772 756 qui
1808 705 1965 748 imitari

326 766 498 813 possent
535 763 840 802 Callimachum
883 765 1198 815 Leonidamque
1235 766 1538 817 Tarentinum,
1580 780 1666 809 non
1705 769 1844 822 magis
1876 770 1965 822 epi·

324 831 583 879 grammata,
625 840 735 878 quac
773 829 977 880 principis
1015 833 1162 881 poetae
1196 832 1530 882 epigrammatici
1560 835 1732 875 nomine
1756 835 1964 888 inseruit.

323 899 465 944 erant,
511 897 772 933 curaverunt
809 906 938 944 quam
977 899 1101 936 antea
1143 896 1315 947 Sylloge
1350 898 1443 949 ipsa
1483 902 1673 950 respecta
1709 902 1815 941 erat.
1861 901 1965 943 Post

324 961 533 999 Coronam
572 960 782 999 conditam
822 961 892 999 vix
922 962 1031 1000 ullae
1059 962 1317 1012 deprehendi
1348 967 1531 1013 possunt
1557 965 1674 1016 apud
1701 965 1798 1007 illo·
1826 966 1964 1008 Simo-

324 1026 543 1064 nideorum
581 1026 937 1076 epigrammatum
977 1028 1204 1067 memoriae
1233 1028 1317 1078 lm).
1365 1029 1559 1070 Attamen
1589 1041 1686 1071 cum
1716 1031 1963 1074 hominibus

324 1091 597 1140 vulgaribus,
630 1091 790 1141 quibus
813 1092 1075 1142 epigramma
1098 1093 1368 1133 condendum
1389 1097 1503 1144 erat,
1536 1095 1705 1137 Corona
1726 1096 1962 1150 Helm

323 1156 580 1195 uberrimam
602 1156 820 1205 praeberet
842 1157 1081 1207 materiem,
1105 1158 1147 1197 in
1170 1157 1558 1210 inscriptionibus
1574 1162 1726 1202 aetatis
1746 1161 1965 1204 Romame

322 1221 492 1271 saepius
524 1221 864 1261 Simonideorum
893 1223 1249 1273 epigrammatum
1279 1225 1662 1275 deprehenduntur
1687 1227 1958 1270 imitationes.

321 1287 590 1335 Quamquam
621 1298 705 1325 non
736 1298 903 1337 semper
931 1291 1097 1328 constat
1126 1291 1271 1329 utrum
1300 1294 1497 1330 auctores
1523 1303 1638 1343 epp„
1678 1292 1795 1344 quod
1824 1293 1964 1335 Simo-

323 1353 444 1391 nidea
473 1353 638 1400 essent,
671 1352 819 1390 imitati
851 1355 974 1401 sunt,
1007 1365 1085 1402 an,
1118 1354 1233 1403 quod
1258 1357 1405 1405 aptum
1430 1357 1609 1397 carmini
1632 1357 1961 1400 fundamentum

321 1418 649 1456 subministrare
669 1417 927 1457 viderentur.
962 1418 1107 1468 Neque
1127 1419 1338 1460 omnium
1358 1421 1488 1461 huius
1507 1423 1658 1462 aetatis
1676 1423 1959 1466 imitationum

320 1485 514 1522 auctores
552 1494 655 1521 usos
687 1493 782 1521 esse
810 1483 976 1522 Corona
1007 1486 1143 1533 potest
1171 1484 1476 1535 demonstrari;
1515 1499 1613 1527 cum
1642 1490 1784 1529 tamen
1813 1491 1962 1541 poene

322 1549 541 1598 Meleagrei
579 1548 750 1598 saepius
779 1548 822 1586 in
852 1548 1203 1598 inscriptionibus
1231 1551 1418 1591 metricis
1448 1553 1733 1604 respiciantur
1761 1553 1834 1607 (cf.
1863 1554 1960 1596 Kai-

320 1614 413 1653 belii
445 1614 579 1652 Index
608 1613 687 1651 VII
719 1613 826 1663 Epp.
856 1613 928 1652 Gr.
957 1626 997 1664 p.
1018 1614 1091 1653 691
1125 1614 1267 1666 sqq.),
1301 1617 1528 1657 verisimile
1546 1621 1612 1658 est
1631 1621 1961 1672 ceteraquoque

318 1680 624 1730 epigrammata
654 1678 902 1717 auctoribus
930 1679 1171 1719 innotuisse
1197 1692 1249 1719 ex
1279 1682 1460 1722 Corona.

374 1744 636 1783 Imitationes
673 1744 1028 1794 epigrammatum
1071 1745 1412 1787 Simonideorum
1430 1778 1441 1798 ,
1482 1760 1594 1799 quae
1620 1751 1717 1800 post
1744 1750 1958 1792 Coronam

320 1810 597 1859 Meleagream
640 1809 934 1848 concinnatam
977 1810 1020 1849 in
1059 1811 1273 1861 lapidibus
1310 1813 1591 1854 inveniuntur
1625 1818 1757 1866 atque
1789 1827 1816 1856 ι
1854 1817 1959 1857 viris

318 1875 452 1914 doctis
481 1874 805 1914 animadversae
833 1875 935 1914 mihi
965 1878 1089 1915 notae
1117 1879 1240 1927 sunt,
1274 1878 1354 1918 hae
1381 1882 1503 1919 sunt:

374 1941 409 1979 1.
469 1940 654 1979 Imitatio
693 1940 1013 1990 epigrammatis
1054 1941 1128 1992 99,
1178 1954 1308 1993 quam
1350 1944 1553 1985 indicavit
1597 1945 1876 1987 Stadtmiiiler
1910 1946 1968 1988 11*

319 2019 358 2056 p.
389 2005 555 2045 LXXVI
586 2006 628 2044 in
658 2005 935 2055 inscriptione
964 2007 1156 2047 Cretensi
1184 2010 1334 2048 aetatis
1364 2010 1581 2051 Romanae
1609 2011 1740 2052 Cnosi
1764 2011 1954 2053 inventa.

320 2072 442 2110 Edita
471 2074 535 2110 est
565 2071 674 2109 Bull.
703 2070 822 2110 Corr.
852 2071 959 2110 Heli.
991 2071 1093 2111 1889
1121 2084 1162 2123 p.
1193 2073 1264 2113 59:

530 2134 630 2175 οὐδὲ
659 2134 808 2175 θανὼν
837 2135 986 2187 ἀρετᾶς
1014 2136 1140 2189 ὄνυμ’
1163 2137 1344 2184 ebizone·
1383 2138 1515 2181 ἀλλά
1551 2155 1607 2180 σε
1642 2140 1796 2194 φάμα

583 2199 897 2242 κυδαίνουσ’
930 2201 1115 2254 ἀνάγει
1154 2201 1407 2256 δώματος
1443 2204 1499 2252 ἐξ
1528 2204 1693 2252 Ἂίόα,

535 2265 990 2319 Θαρσύμαχε,-τρανὲς
1018 2267 1064 2308 δὲ
1092 2267 1163 2309 καὶ
1192 2267 1428 2321 ὀψαγόνων
1455 2285 1513 2316 τις
1541 2270 1665 2312 delusa

581 2331 835 2383 μνωόμενος
863 2332 1002 2378 κείνας
1028 2333 1276 2387 θού[ριὸ]ος
1303 2335 1630 2383 ἱπποσύνας,

455 2398 474 2426 5
522 2395 726 2449 Ἑρταίων
754 2397 822 2438 ὅτε
847 2401 1010 2450 μοῦνος
1037 2398 1104 2439 ἐπ’
1127 2398 1419 2453 ἠ[νε]μόενῐος
1441 2399 1608 2441 Ἐλαῖον

582 2461 772 2514 οὐλαμὸν
799 2463 964 2508 ἱππείας
992 2463 1129 2517 ῥήξαο
1156 2464 1431 2518 ῳοιλόπιόας,

528 2527 648 2574 ἄξια
677 2527 756 2579 μὲν
784 2528 952 2579 γενέταο
981 2528 1203 2576 Λεοντίου,
1231 2530 1356 2578 ἄξια
1386 2530 1426 2572 ὀ’
1451 2531 1620 2573 ἐσθλῶν

582 2592 683 2645 ἔργα
712 2594 993 2646 μεγαυχήτων
1019 2594 1265 2648 μηδόμενος
1290 2595 1532 2649 προγόνων.

529 2657 742 2710 τούνεκ[ά]
774 2674 819 2699 σε
847 2659 1136 2712 φθιμένων
1163 2661 1268 2701 καθ’
1292 2661 1503 2715 ὁμήγυριν
1529 2661 1555 2703 ὁ
1582 2661 1734 2708 κλυτὸς
1751 2660 1884 2716 ᾍδης

581 2722 641 2763 loe
667 2723 937 2777 πολισσούχῳ
966 2725 1207 2778 σύνθρονον
1229 2725 1440 2779 Ἰδομενεῖ.

360 2840 422 2878 m⁵⁴)
470 2842 550 2884 Epp.
575 2841 735 2884 Sylloges
759 2843 980 2877 Simonideae
1006 2855 1026 2877 a
1050 2845 1229 2879 Mnasnlca.
1251 2851 1427 2889 respecta,
1459 2857 1551 2890 quae
1574 2847 1730 2881 indicare
1753 2847 1953 2890 potuimus.

315 2902 398 2928 sum.
421 2907 496 2939 epp.
520 2897 582 2939 89,
613 2898 674 2940 02,
705 2898 767 2940 94,
798 2899 861 2941 os,
892 2899 955 2941 90,
986 2901 1071 2943 100,
1104 2902 1188 2944 102,
1222 2902 1304 2944 105,
1336 2902 1421 2944 107,
1452 2902 1536 2944 ios,
1567 2902 1651 2945 111,
1681 2902 1766 2946 112,
1786 2902 1865 2937 137.
1897 2902 1993 2958 (τι,ἶ

325 2957 495 2986 iraenei-ea
558 2953 634 2987 103.

315 2963 324 2993 ι
358 3007 420 3045 169)
466 2953 641 3053 Μεῗεαςτο
673 3011 736 3053 ipsi
760 3012 983 3046 obversatum
1009 3025 1085 3047 esse
1109 3019 1193 3057 puto
1216 3016 1252 3048 in
1277 3026 1331 3057 ep.
1355 3015 1423 3048 ΑΡ.
1444 3014 1516 3048 vn.
1539 3014 1606 3048 207
1628 3015 1873 3049 Simonidenm
1895 3025 1950 3059 ep.

314 3064 378 3095 133
398 3065 457 3103 (cl'.
475 3066 546 3099 Vll.
566 3067 659 3108 5355
685 3067 772 3110 sq.);
795 3070 882 3102 iliud
904 3070 1014 3111 igitur
1033 3082 1105 3113 ep„
1128 3073 1223 3114 quod
1245 3076 1387 3105 tautum
1407 3082 1429 3105 a
1451 3072 1608 3105 Plannde
1623 3076 1802 3105 servatum
1818 3074 1889 3114 est,
1911 3070 1949 3104 in

314 3120 446 3153 Corona
464 3123 605 3155 affuisse
625 3124 774 3166 videtur,
793 3126 852 3158 sed
873 3137 1014 3169 prorsus
1031 3128 1207 3161 incertum
1224 3138 1269 3162 an
1288 3128 1464 3172 Meleagro
1483 3130 1552 3162 inm
1571 3128 1815 3162 Simonideum
1830 3128 1940 3162 rues-u
