2072 3568
895 224 946 263 25
1507 226 1532 278 g
1565 227 1636 277 16,
1671 228 1733 266 17.

103 348 275 389 eertum
303 347 369 386 est
404 347 448 385 in
477 347 546 386 illa
575 348 801 387 traditione
830 349 909 387 tria
939 349 1244 399 epigrammata
1274 351 1366 399 ipsa
1395 351 1529 390 fuisse
1556 352 1734 401 tradita,

103 424 199 452 cum
227 413 473 462 apparuerit
501 413 687 451 duarum
716 414 907 463 gentium
936 414 1148 464 epitaphia
1178 416 1372 454 consulto
1400 417 1442 454 in
1472 429 1519 455 ea
1550 417 1737 467 neglecta

101 477 248 516 fuisse.
294 477 444 516 Textui
480 479 621 517 autem
657 479 1012 529 epigrammatum
1041 482 1170 530 atque
1198 481 1370 520 notitiae
1397 482 1449 520 de
1477 483 1550 532 iis,
1592 483 1665 532 qui
1694 483 1737 520 in

101 541 183 582 iuis
211 544 354 581 essent
381 543 599 593 celebrati,
632 545 949 584 annotationem
978 546 1222 585 adiunctam
1248 547 1381 586 fuisse
1404 559 1576 587 necesse
1599 550 1662 587 est
1687 548 1738 586 de

101 607 426 647 dedicatoribus.
460 608 612 657 Itaque
634 620 686 647 ex
710 621 797 648 uno
819 610 1051 660 eodemque
1071 611 1187 649 fonte
1209 611 1448 650 derivatum
1469 613 1532 651 est
1549 612 1737 651 Herodo-

23 715 25 717 .
101 674 215 711 teum
243 673 296 711 de
319 664 637 723 epigrammatis
661 677 950 726 caputomne.
985 675 1108 721 Quod
1132 688 1210 726 pro
1235 677 1507 716 annotatione
1528 678 1733 726 literaria,

101 749 230 787 quam
259 739 491 778 narrationi
522 751 692 790 pugnae
716 741 1091 791 Thermopylensis
1120 742 1321 792 intexuit,
1355 743 1501 781 haberi
1530 744 1679 792 potest.

153 803 277 848 Quod
306 816 438 854 supra
469 803 516 854 (ξ
550 804 616 854 15)
648 806 875 844 verisimile
902 807 1170 857 dicebamus,
1211 807 1423 857 Spartano
1452 808 1557 846 fonti
1586 808 1738 847 debere

101 868 365 908 Herodotum
403 870 513 909 hanc
547 872 886 921 annotationem,
928 872 971 910 id
1000 884 1078 922 pro
1107 874 1220 911 certo
1248 873 1491 912 habendum
1521 876 1584 912 est
1615 885 1736 923 repu-

99 933 291 972 tantibus
337 935 552 974 continere
597 937 882 975 Herodoteam
925 938 1298 988 Thermopylensis
1341 950 1512 989 pugnae
1553 939 1736 988 descrip-

100 997 254 1037 tionem
298 1000 468 1039 notitias
510 1001 718 1040 literarias
760 1002 968 1040 eiusmodi
1011 1003 1142 1052 duas,
1188 1015 1298 1053 quas
1344 1003 1497 1053 Sparta
1532 1004 1736 1042 oriundas

99 1074 194 1102 esse
222 1065 367 1115 negari
397 1068 592 1115 nequeat.
633 1066 743 1105 Sunt
772 1069 914 1106 autem
944 1068 1041 1107 hae:

156 1129 190 1168 1.
251 1130 352 1180 Cap.
378 1131 468 1170 224.
485 1133 666 1182 scriptor
690 1135 837 1172 narrat
863 1145 908 1172 se
933 1134 1185 1184 cognovisse
1209 1134 1399 1172 omnium
1425 1136 1731 1183 trecentorum,

99 1194 173 1243 qui
201 1206 298 1234 cum
329 1196 513 1236 Leonida
542 1198 812 1248 cecidissent,
852 1199 1036 1238 nomina.
1084 1199 1202 1245 Quae
1231 1200 1457 1239 resciscere
1487 1211 1571 1238 non
1602 1200 1736 1249 potuit

11 1302 18 1317 ,ἶ
100 1259 182 1298 nisi
222 1260 419 1310 spartam
460 1263 534 1302 ubi
573 1264 810 1303 Pausanias
850 1276 895 1303 se
933 1265 1092 1303 vidisse
1120 1265 1249 1304 tradit
1280 1264 1379 1315 (ΙΙΙ.
1416 1265 1477 1303 14.
1515 1264 1553 1315 1)
1585 1277 1635 1304 ex
1664 1266 1735 1304 ad·

99 1336 225 1364 verso
252 1326 404 1366 theatri
434 1326 587 1380 στήλην
614 1327 829 1380 πατρόθεν
858 1327 905 1368 πὶ
935 1328 1121 1381 ὀνόματα
1151 1330 1332 1382 ἔχουσαν
1361 1330 1404 1369 οἳ
1422 1328 1530 1380 πρὸς
1554 1328 1737 1382 Mvjdovg

7 1378 18 1399 ⁷
39 1381 41 1384 ¹
99 1388 170 1429 τὸν
197 1389 242 1431 ἕν
269 1389 566 1443 Θερμοπύλαις
594 1392 740 1445 ἀγῶνα
769 1393 996 1446 ὑπέμειναν
1022 1395 1091 1446 37).

155 1455 334 1506 Spartae
384 1470 580 1509 quoque,
635 1460 807 1510 opinor,
864 1461 1026 1500 audivit
1075 1461 1341 1500 narrationes
1390 1462 1441 1499 de
1489 1473 1635 1500 eorum
1684 1473 1734 1500 ex

14 1535 37 1571 ᾖ.
99 1522 296 1561 trecentis
337 1523 531 1574 casibus,
577 1525 650 1574 qui
692 1537 863 1575 pugnae
903 1538 988 1564 non
1027 1526 1321 1565 interfuissent
1361 1525 1470 1577 (cap.
1504 1526 1732 1574 229—232;

25 1593 32 1596 ’
98 1586 176 1626 229
203 1584 381 1639 λέγεται,
414 1589 492 1629 230
520 1588 707 1640 λέγουσι,
741 1590 818 1629 232
847 1589 1037 1642 λέγεται).

11 1644 23 1668 ’“
151 1652 189 1691 2.
250 1653 351 1703 Cap.
385 1654 462 1694 :220
492 1656 720 1704 praebetur
747 1657 991 1705 oraculum,
1025 1657 1139 1706 quod
1165 1657 1486 1696 consulentibus
1512 1657 1735 1706 Spartanis

99 1716 251 1768 Pythia
290 1709 524 1758 reddidisse
562 1721 884 1770 perhibebatur:
923 1722 1013 1760 fore
1050 1725 1097 1760 ut
1135 1725 1208 1761 aut
1240 1723 1394 1771 Sparta
1422 1724 1682 1761 everteretur
1711 1735 1733 1761 a

99 1780 293 1823 barbaris
322 1787 396 1823 aut
421 1797 495 1824 rex
518 1787 711 1836 ipsorum
737 1787 904 1837 periret.
942 1788 1052 1837 Hoc,
1086 1788 1200 1837 quod
1227 1791 1322 1837 post
1345 1790 1543 1826 eventum
1569 1799 1734 1837 compo·

98 1846 228 1887 situm
251 1851 335 1900 est,
363 1852 603 1901 oraculum,
632 1855 673 1891 et
694 1853 854 1891 factum
882 1853 1061 1902 Spartae
1085 1855 1125 1892 et
1152 1854 1370 1903 vulgatum
1396 1853 1528 1891 fuisse
1551 1853 1730 1892 videtur.

150 1910 302 1963 Itaque
342 1918 538 1955 constare
575 1917 695 1956 mihi·
718 1917 885 1956 videtur
923 1921 962 1956 et
1001 1919 1079 1957 has
1117 1919 1412 1957 annotationes
1450 1918 1657 1956 literarias
1695 1920 1734 1956 et

27 2030 42 2037 >A
97 1989 191 2018 eam
231 1991 341 2029 quae
381 1983 444 2020 est
485 1982 538 2021 de
579 1983 897 2032 epigrammatis
940 1983 994 2022 ab
1038 1984 1253 2022 Herodoto
1294 1983 1472 2033 Spartae
1516 1986 1734 2033 perceptas

97 2054 202 2084 esse.
253 2045 363 2085 Sunt
400 2048 541 2086 autem
581 2048 660 2086 viri
693 2048 827 2098 docti,
870 2049 942 2098 qui
972 2049 1076 2088 alias
1106 2061 1277 2098 quoque
1306 2049 1563 2087 narrationis
1592 2051 1733 2098 partes

15 2103 38 2153 s}
100 2109 337 2160 Spartanae
372 2112 526 2163 origini
563 2113 706 2152 deberi
742 2116 891 2163 putent
918 2114 993 2164 3⁸);
1034 2126 1162 2163 quam
1193 2126 1294 2164 prae
1323 2126 1368 2152 se
1396 2115 1507 2153 ferre
1535 2115 1733 2152 Thermo·

97 2175 285 2226 pylensis
305 2188 476 2227 pugnae
494 2178 819 2228 descriptionem
839 2191 1008 2218 omnem
1029 2180 1134 2218 adeo
1155 2182 1276 2229 sunt,
1307 2179 1379 2229 qui
1401 2182 1646 2218 asseverent
1661 2178 1728 2229 ΡΒ).

140 2304 187 2347 87)
235 2307 418 2340 Kirchholl'
439 2320 470 2350 p.
494 2309 525 2341 5.

36 2406 41 2410 .
140 2361 187 2403 88)
234 2363 281 2396 De
314 2365 372 2405 iis,
404 2375 495 2406 qnae
529 2370 719 2398 narrantur
752 2376 823 2407 cap.
849 2366 915 2398 ‘2013
950 2385 988 2387 —
1020 2366 1155 2399 (Jarnea
1181 2367 1401 2408 inapcdivissc
1428 2366 1733 2406 Lacedaemonios,

97 2420 288 2461 quominus
321 2424 436 2453 totum
474 2422 656 2455 mitterent
691 2423 885 2454 exercitum
924 2440 964 2444 —-
1003 2423 1117 2454 huson
1158 2422 1212 2454 11².
1249 2422 1314 2454 (376
1350 2423 1413 2454 hoc
1447 2423 1515 2454 sert
1547 2423 1732 2455 indicium:

97 2474 202 2508 ‘diese
234 2476 433 2519 Erzahlnng
465 2478 555 2519 zeigt
584 2479 639 2510 die
672 2479 962 2511 Lakedaimonier
996 2489 1071 2511 vom
1107 2479 1225 2511 beston
1263 2479 1391 2511 Willen
1426 2479 1555 2512 beseclt
1586 2480 1654 2511 und
1690 2479 1733 2511 ist

35 2571 52 2579 ‚,
96 2530 255 2564 sichtlieh
290 2532 456 2574 hemula,
489 2535 755 2576 hauptsiichlich
790 2536 845 2567 «lie
881 2535 1189 2575 {hundesgenossen
1224 2537 1281 2567 si'n·
1312 2537 1367 2567 «lie
1403 2536 1633 2577 {tatastrophe
1658 2547 1732 2567 vcr-

1 2592 19 2632 ᾗ
42 2598 54 2635 ζ
97 2589 318 2622 antwortlich
350 2599 391 2622 zn
426 2590 586 2622 macheu.
617 2591 678 2623 Sie
710 2594 807 2632 vray!
840 2592 906 2623 das
940 2592 1105 2632 Geprcifye
1136 2592 1237 2624 einer
1267 2592 1379 2623 ‹im-ch
1405 2593 1464 2623 die
1487 2592 1734 2636 spartanischc

98 2640 302 2687 nater-unq
344 2646 582 2679 verbo-eieelen
622 2647 865 2688 Dar-stellarem
913 2648 1043 2680 Contra
1080 2648 1138 2680 Ed.
1177 2648 1295 2689 Meyer
1334 2649 1468 2680 Fonsch.
1507 2648 1546 2679 ll.
1582 2648 1647 2679 ⁶205
1682 2660 1731 2689 sq.

37 2700 70 2716 ’“
96 2698 211 2734 heum
239 2702 339 2734 inter
372 2712 431 2734 eos
466 2708 644 2744 recenset,
685 2703 743 2735 nbi
789 2702 924 2745 ‘Sparta
965 2705 1029 2736 mit
1069 2704 1215 2736 leichter
1256 2704 1366 2735 lronie
1402 2704 1591 2736 behanulelt
1626 2703 1732 2743 wint,

51 2756 61 2767 ¹
97 2755 139 2789 cf.
163 2756 201 2789 G.
226 2758 257 2790 d.
283 2758 321 2790 A.
347 2758 405 2790 ΙΙΙ.
429 2758 495 2790 379
518 2770 588 2801 sq.:
613 2758 690 2792 ‘von
715 2759 894 2792 officieller
920 2760 1082 2800 Fan-buna
1106 2761 1167 2792 ‹len-
1191 2760 1351 2792 Berivhte
1378 2786 1383 2792 .
1411 2786 1416 2790 .
1443 2785 1449 2791 .
1478 2786 1483 2791 .
1511 2770 1652 2799 verm-ag
1678 2760 1730 2791 ich

98 2811 151 2845 hei
177 2812 255 2846 Her.
280 2815 396 2847 nichts
421 2825 461 2847 zn
490 2815 629 2848 finden'.

31 2859 62 2913 *⁷
140 2866 188 2909 8⁹)
235 2869 327 2912 Bury
364 2881 392 2912 p.
417 2870 460 2902 97
496 2881 566 2912 sq.:
604 2869 670 2903 ‘his
703 2872 878 2904 narrative
913 2873 941 2903 is
974 2873 1040 2904 laid
1075 2876 1138 2904 ont
1170 2874 1222 2904 for
1255 2872 1314 2904 the
1345 2873 1574 2912 glorificution
1607 2874 1644 2903 os
1673 2873 1731 2903 the

98 2922 430 2966 Lacedaemoniam,
463 2928 530 2960 and
564 2927 635 2959 this
667 2928 820 2968 feature,
855 2928 959 2960 taken
994 2929 1097 2969 along
1131 2929 1214 2960 with
1250 2929 1309 2960 the
1339 2929 1524 2960 anecdotos
1550 2929 1660 2960 which
1690 2929 1731 2959 hv

97 2978 297 3015 introduces
321 2982 428 3015 about
453 2983 663 3015 Demaratus
687 2984 753 3016 and
781 2984 915 3025 Gorgo,
947 2984 1088 3016 cnnhlcs
1117 2995 1156 3015 ns
1181 2988 1215 3016 to
1241 2985 1350 3016 nttnin
1377 2995 1396 3015 a
1424 2986 1531 3016 moral
1557 2984 1730 3025 ccrtninty

7 3059 59 3083 3,
97 3034 176 3069 that
209 3036 252 3070 he
287 3038 383 3079 gives
418 3039 552 3081 mainly
586 3040 646 3071 the
678 3040 828 3081 Spartan
862 3045 1031 3080 account,
1068 3041 1180 3072 which
1217 3041 1258 3071 hc
1293 3040 1431 3071 learned
1465 3044 1500 3072 nt
1532 3039 1666 3081 Sparta'
1697 3043 1732 3071 ct

35 3099 74 3148 ν’
98 3099 197 3134 porro
228 3104 258 3135 p.
281 3093 356 3127 103.
390 3094 539 3138 Grundy
566 3106 595 3138 p.
620 3095 702 3128 314:
735 3095 953 3128 ‘Herodotus'
981 3097 1155 3128 narrative
1182 3121 1187 3127 .
1217 3122 1220 3127 .
1249 3121 1254 3127 .
1283 3122 1286 3126 .
1315 3097 1342 3127 is
1368 3097 1454 3127 from
1483 3096 1671 3136 beginning:
1697 3100 1731 3127 to
