2072 3568
379 208 480 259 Cap.
515 206 582 248 111
595 238 606 258 ,
640 207 701 247 19.
1160 205 1236 246 178

380 333 405 384 §2
436 333 500 373 91.
560 333 767 383 Apparuit
796 332 941 372 titulos
971 332 1123 372 horum
1152 331 1507 382 epigrammatum
1538 331 1800 384 Meleagreae
1825 331 2020 375 cotom

379 411 461 439 non
503 399 691 449 integros
730 398 936 449 praestari
970 398 1012 437 in
1042 398 1168 437 Antii.
1204 397 1310 447 Pal.,
1352 397 1426 436 sed
1457 397 1588 437 variis
1615 397 1816 450 deincep·
1841 409 2018 451 eorrup-

377 465 470 505 telis
511 475 660 504 omnes
704 464 837 503 iactos
880 475 975 503 esse
1016 463 1297 502 Simonideos.
1346 462 1733 513 subsequebantur
1766 462 1811 503 in
1849 462 2017 504 Corona

378 532 611 580 Meleagrea
636 530 715 569 hoc
738 529 888 568 ordine
911 531 1040 579 atque
1065 529 1180 568 hisce
1202 531 1354 567 ornata
1380 528 1514 567 titulis
1537 528 1845 579 epigrammata
1868 527 2016 569 haeae:

432 609 474 636 a.
511 596 545 635 1.
567 596 647 635 ΑΡ.
665 594 740 635 VI.
759 595 837 634 212
862 611 912 627 --
933 606 998 644 ep.
1021 594 1124 634 Sim.
1147 591 1595 644 164Ἀνακρέονῐος

436 661 476 701 b.
509 661 546 700 3.
757 659 910 707 2137:
1147 659 1222 699 150
1241 660 1315 698 τοῦ
1330 657 1461 699 αὑτοῦ
1476 670 1564 699 uno
1577 659 1759 699 disticho
1771 658 2015 700 absolutum

438 739 472 766 c.
505 727 543 766 2.
755 725 833 765 213
859 742 911 758 =
1148 725 1223 764 145
1243 721 1541 776 Σιμωνίδου

430 792 474 832 d.
676 795 728 838 <
755 803 821 842 ep.
844 790 947 831 Sim.
970 791 1045 830 147
1074 793 1126 837 >
1243 792 1317 830 τοῦ
1331 788 1463 830 αὐτοῦ
1478 802 1503 830 a
1518 790 1703 841 cephala
1717 790 1941 831 omissum.

377 859 534 898 Errorc
571 858 794 898 cuiusdam
833 856 994 896 librarii
1032 857 1075 895 in
1106 857 1272 896 Corona
1303 856 1398 895 Mel.
1430 867 1495 906 ep.
1529 854 1735 909 b‚‚quod
1764 856 2016 897 Anacreonti

375 923 644 962 tribuebatur
669 923 779 962 sicut
801 921 875 962 VI.
903 923 1001 971 144,
1035 924 1130 972 post
1154 934 1218 972 ep.
1245 921 1277 961 d
1300 922 1505 972 scriptum
1530 924 1614 970 est;
1644 933 1732 972 quo
1753 921 1937 973 factum,
1968 922 2019 962 nt

374 989 525 1028 titulus
563 990 635 1028 τοῦ
673 987 803 1027 αὐτοῦ
836 990 926 1027 tum
960 987 1220 1027 Simonidem
1253 987 1315 1038 (c,
1350 986 1399 1037 d)
1431 986 1670 1038 respiceret.
1717 986 1877 1027 Deinde
1904 997 2018 1028 novo

374 1066 519 1093 errore
545 1066 610 1104 ep.
644 1065 675 1093 a
703 1054 841 1092 solum
870 1055 970 1092 ante
997 1053 1149 1092 seriem
1183 1052 1524 1092 Simonideorum
1554 1052 1912 1103 epigrammatum
1938 1062 2016 1093 sex

376 1120 439 1158 vel
488 1119 675 1169 plurium
724 1118 914 1157 relictum
962 1118 1103 1167 ipsum
1152 1118 1264 1156 intra
1311 1117 1430 1156 illum
1472 1117 1665 1156 ordinem
1707 1118 1892 1157 tractum
1931 1118 2011 1157 est.

376 1186 535 1224 Deinde
562 1197 586 1224 a
617 1184 801 1235 Cephala
830 1195 895 1233 ep.
931 1182 963 1222 d
990 1195 1041 1222 ex
1071 1182 1238 1222 Corona
1268 1182 1310 1221 in
1341 1182 1509 1221 Anthol.
1535 1194 1620 1221 non
1645 1181 1900 1222 translatum
1922 1183 2011 1233 eut,

374 1252 416 1290 in
447 1250 698 1300 Anthologia
728 1251 869 1288 autem
900 1248 1143 1297 Cephalana
1171 1258 1236 1297 ep.
1268 1246 1294 1286 Ι)
1324 1258 1436 1286 novo
1463 1246 1645 1287 disticho
1674 1246 1878 1299 (unoque
1901 1245 2013 1299 loeo)

373 1318 437 1355 est
465 1315 709 1354 adauctum.

427 1381 578 1429 Itaque
622 1391 674 1418 ex
721 1379 860 1418 tribus
907 1379 1038 1418 huius
1080 1378 1297 1418 Palatinae
1338 1378 1461 1417 seriei
1502 1377 1822 1428 epigrammatis
1862 1377 2016 1429 priuis

373 1458 508 1485 unum
540 1444 615 1485 VI.
643 1444 721 1484 213
751 1444 866 1494 apud
895 1444 1156 1494 Meleagrum
1185 1454 1359 1493 quoque
1389 1442 1621 1482 Simonidis
1648 1442 1772 1484 titulo
1798 1442 2014 1484 munitum

372 1513 475 1550 erat.
509 1510 719 1556 Quoniam
749 1510 829 1549 hoc
856 1509 1142 1560 epigramma,
1175 1511 1222 1548 ut
1250 1520 1315 1559 ep.
1347 1508 1451 1548 Sim.
1482 1508 1572 1558 147,
1603 1508 1720 1558 quod
1746 1507 1864 1560 apud
1888 1507 2014 1549 nele-

372 1588 523 1627 agrum
555 1575 827 1625 sequebatur,
861 1574 1043 1613 celebrat
1075 1573 1307 1613 Simonidis
1337 1573 1536 1613 victorias
1564 1572 1829 1624 choreglcas,
1857 1575 1901 1613 et
1925 1573 2013 1625 epi·

372 1643 610 1691 grammata
638 1641 725 1680 duo
754 1640 974 1690 sequentia
1001 1638 1076 1679 VI.
1105 1639 1183 1678 214
1211 1641 1253 1678 et
1277 1637 1353 1679 VI.
1381 1639 1459 1679 215
1489 1641 1663 1689 propter
1684 1638 1954 1679 traditionem
1979 1637 2012 1679 S

372 1708 414 1746 in
448 1707 620 1758 Sylloge
647 1707 827 1746 affuisse
853 1707 1020 1745 constat
1050 1704 1098 1756 (ἓ
1128 1704 1223 1755 99),
1262 1705 1331 1744 hic
1359 1705 1568 1744 habemus
1595 1704 1677 1743 tria
1704 1703 2012 1755 epigrammata

374 1772 640 1822 Simonidea,
685 1782 796 1821 quae
837 1782 861 1809 a
904 1770 1115 1820 Meleagro
1151 1769 1351 1819 deinceps
1387 1781 1439 1808 ex
1480 1768 1653 1820 Sylloge
1688 1770 1855 1821 recepta
1891 1771 2008 1810 sunt.

370 1837 599 1877 Videamus
627 1837 771 1886 igitur,
805 1847 908 1875 num
939 1836 1102 1885 reliqua
1131 1835 1261 1874 huius
1290 1835 1411 1874 seriei
1440 1834 1748 1884 epigrammata
1774 1834 1864 1875 duo
1883 1834 2011 1875 etiam

370 1914 421 1941 ex
454 1902 625 1953 Sylloge
653 1914 728 1952 per
757 1901 1019 1952 Meleagrum
1048 1901 1091 1939 in
1121 1900 1290 1939 Anthol.
1318 1900 1565 1950 pervenisse
1594 1899 1834 1939 videantur.

425 1969 626 2008 Ultimum
656 1968 919 2017 epigramma
944 1964 1019 2005 VI.
1047 1966 1126 2005 217
1151 1965 1350 2016 primitus
1374 1977 1399 2004 a
1424 1965 1533 2004 serie
1558 1964 1801 2005 Simoniden
1823 1963 2010 2005 alienum

370 2034 504 2072 fuisse
531 2044 679 2072 omnes
710 2033 788 2071 viri
818 2032 929 2071 docti
957 2031 1254 2071 intellexerimt
1285 2030 1356 2081 (cf.
1372 2030 1537 2070 Wilam.
1557 2042 1598 2080 p.
1617 2029 1730 2081 318).
1762 2030 1818 2070 Et
1838 2030 1920 2071 hoe
1938 2041 2006 2081 ep.

368 2101 410 2138 et
438 2098 658 2148 sequentia
689 2096 938 2147 (218—221)
970 2097 1189 2137 variorum
1215 2099 1436 2146 poetarum
1460 2096 1770 2146 epigrammata
1792 2094 2010 2135 illustrant

369 2164 530 2204 chriam
574 2164 681 2203 Galli
723 2165 763 2202 et
799 2163 947 2202 leonis.
994 2162 1216 2202 Librarius
1253 2162 1403 2212 igitur,
1449 2162 1517 2201 cui
1554 2161 1774 2211 complura
1809 2160 2010 2211 deinceps

369 2241 463 2279 epp.
492 2229 613 2267 titulo
637 2230 710 2267 τοῦ
735 2226 865 2267 αὐτοῦ
889 2230 1032 2269 essent
1055 2227 1272 2274 ornanda,
1306 2227 1484 2266 nimium
1510 2235 1768 2276 progressus
1789 2224 2010 2275 sequenfls

369 2306 540 2344 quoque
563 2293 686 2332 seriei
710 2289 896 2343 primum
919 2293 1182 2343 epigramma
1207 2293 1261 2331 ad
1283 2292 1603 2342 praecedentem
1624 2290 1809 2330 traxisse
1820 2289 2004 2330 videtur.

423 2360 698 2409 Epigramma
734 2357 809 2397 VI.
848 2357 927 2397 216
965 2369 1051 2397 non
1088 2358 1326 2397 scribarum
1365 2369 1511 2396 errore
1547 2354 1896 2396 antecedentibus
1921 2354 2008 2405 epi·

369 2425 619 2476 grammatis
642 2436 694 2463 ex
721 2423 893 2474 Sylloge
917 2423 1164 2474 propagatis
1187 2423 1482 2463 continuatum
1502 2433 1599 2461 esse
1618 2423 1666 2461 ut
1688 2419 2004 2470 Simonidenm,

369 2491 442 2529 sed
480 2502 531 2528 ex
573 2490 744 2540 Sylloge
780 2489 872 2539 ipsa
909 2489 1079 2527 titulum
1115 2489 1316 2539 adeptum
1345 2500 1439 2528 esse
1466 2488 1560 2527 ideo
1588 2485 1850 2537 putaverim,
1889 2485 2007 2536 quod
2071 2526 2072 2529 ,

369 2555 642 2594 Collectorem
669 2554 877 2593 eiusmodi
908 2556 1060 2605 γρῖφον
1088 2553 1132 2593 ἐν
1160 2552 1346 2606 συλλαβῇ
1376 2565 1434 2595 sc.
1461 2565 1527 2603 ep.
1554 2554 1597 2592 in
1626 2553 1834 2592 Aaronem
1863 2548 1913 2603 (fi
1934 2549 2005 2601 75)
2064 2601 2066 2603 .

370 2620 578 2669 recepisse
605 2622 784 2658 constat.

423 2685 486 2723 Ex
525 2687 685 2734 septem
723 2684 854 2734 igitur
891 2685 1020 2723 huius
1058 2684 1221 2723 ordinis
1253 2683 1573 2734 epigrammatis
1600 2684 1805 2732 quattuor
1830 2692 1885 2721 ex
1910 2681 2005 2731 ipsa

371 2749 542 2800 Sylloge
569 2762 643 2799 per
667 2750 926 2800 Meleagrum
957 2752 999 2788 in
1025 2750 1151 2788 Anth.
1178 2749 1264 2788 Pal.
1292 2751 1526 2799 propagata
1550 2749 1666 2786 sunt.
1700 2746 1854 2786 Procul
1873 2745 2006 2785 dubio

369 2815 576 2865 Meleager
618 2815 740 2864 plura
785 2814 1027 2854 Simonides
1069 2815 1268 2864 deinceps
1310 2826 1362 2852 ex
1402 2813 1574 2863 Sylloge
1608 2812 1805 2862 excerpta
1842 2810 1886 2850 in
1924 2810 2005 2850 hac

368 2880 476 2918 serie
503 2882 818 2930 composuerat;
850 2891 992 2918 nonne
1020 2880 1206 2918 vidimus
1234 2891 1332 2918 eum
1362 2882 1458 2929 post
1485 2890 1551 2928 ep.
1572 2876 1646 2917 VI.
1673 2876 1753 2916 212
1776 2875 2003 2927 gemellum

366 2945 458 2983 eius
486 2957 551 2994 ep.
583 2945 685 2983 Sim.
718 2945 792 2983 147
823 2944 1062 2994 recepisse?
2070 2944 2072 2948 ’

422 3010 485 3047 Ex
515 3011 594 3049 hoc
620 3011 770 3049 ordine
798 3011 962 3049 nullum
992 3011 1255 3061 epigramma
1283 3023 1308 3050 a
1338 3010 1530 3049 Planude
1558 3010 1773 3058 receptum
1800 3009 1878 3047 est.

422 3073 447 3124 ξ
482 3074 568 3114 101.
630 3073 697 3114 De
736 3074 852 3114 serie
893 3074 1166 3115 Simonidea
1203 3074 1427 3115 Palatina
1468 3074 1630 3114 altera.
1692 3073 2013 3125 Sepulcraliun
2068 3075 2072 3078 “
