<?xml version="1.0" encoding="UTF-8"?>
<!DOCTYPE html PUBLIC "-//W3C//DTD XHTML 1.0 Transitional//EN"
    "http://www.w3.org/TR/xhtml1/DTD/xhtml1-transitional.dtd">
<html xmlns="http://www.w3.org/1999/xhtml" xml:lang="en" lang="en">
 <head>
  <title>
</title>
<meta http-equiv="Content-Type" content="text/html;charset=utf-8" />
  <meta name='ocr-system' content='tesseract 3.04.00' />
  <meta name='ocr-capabilities' content='ocr_page ocr_carea ocr_par ocr_line ocrx_word'/>
</head>
<body>
  <div class='ocr_page' id='page_1' title='image "./deepigrammatasim00boasuoft_0210.png"; bbox 0 0 2072 3568; ppageno 0'>
   <div class='ocr_carea' id='block_1_1' title="bbox 356 263 1210 314">
    <p class='ocr_par' dir='ltr' id='par_1_1' title="bbox 356 263 1210 314">
     <span class='ocr_line' id='line_1_1' title="bbox 356 263 1210 314; baseline 0.004 -12"><span class='ocrx_word' id='word_1_1' title='bbox 356 266 456 314; x_wconf 81' lang='lat' dir='ltr'><strong>Cap.</strong></span> <span class='ocrx_word' id='word_1_2' title='bbox 491 263 580 313; x_wconf 89' lang='lat'>111,</span> <span class='ocrx_word' id='word_1_3' title='bbox 614 264 678 304; x_wconf 84' lang='lat'><strong>20.</strong></span> <span class='ocrx_word' id='word_1_4' title='bbox 1136 265 1210 305; x_wconf 83' lang='lat'><strong>188</strong></span> 
     </span>
    </p>
   </div>
   <div class='ocr_carea' id='block_1_2' title="bbox 343 389 2070 2732">
    <p class='ocr_par' dir='ltr' id='par_1_2' title="bbox 354 382 2053 505">
     <span class='ocr_line' id='line_1_2' title="bbox 410 389 1991 445; baseline 0.005 -18"><span class='ocrx_word' id='word_1_5' title='bbox 410 390 456 428; x_wconf 91' lang='lat' dir='ltr'><strong>ln</strong></span> <span class='ocrx_word' id='word_1_6' title='bbox 495 389 743 428; x_wconf 87' lang='lat' dir='ltr'><strong>universum</strong></span> <span class='ocrx_word' id='word_1_7' title='bbox 775 390 854 428; x_wconf 90' lang='lat' dir='ltr'><strong>tria</strong></span> <span class='ocrx_word' id='word_1_8' title='bbox 884 390 1150 429; x_wconf 86' lang='lat' dir='ltr'><strong>intercedunt</strong></span> <span class='ocrx_word' id='word_1_9' title='bbox 1179 390 1425 431; x_wconf 86' lang='lat' dir='ltr'><strong>discrimina</strong></span> <span class='ocrx_word' id='word_1_10' title='bbox 1455 391 1566 431; x_wconf 87' lang='lat' dir='ltr'><strong>inter</strong></span> <span class='ocrx_word' id='word_1_11' title='bbox 1595 392 1871 445; x_wconf 71' lang='lat' dir='ltr'><strong>Authologiu</strong></span> <span class='ocrx_word' id='word_1_12' title='bbox 1897 393 1991 436; x_wconf 72' lang='lat' dir='ltr'><strong>Pl·-</strong></span> 
     </span>
     <span class='ocr_line' id='line_1_3' title="bbox 354 454 2053 505; baseline 0.002 -13"><span class='ocrx_word' id='word_1_13' title='bbox 354 454 535 493; x_wconf 87' lang='lat' dir='ltr'><strong>nudeam</strong></span> <span class='ocrx_word' id='word_1_14' title='bbox 565 458 694 505; x_wconf 90' lang='lat' dir='ltr'><strong>atque</strong></span> <span class='ocrx_word' id='word_1_15' title='bbox 723 455 978 494; x_wconf 77' lang='lat' dir='ltr'><strong>Palatinam:</strong></span> <span class='ocrx_word' id='word_1_16' title='bbox 2033 461 2053 474; x_wconf 64' lang='grc'><strong>’·</strong></span> 
     </span>
    </p>

    <p class='ocr_par' dir='ltr' id='par_1_3' title="bbox 410 519 2051 582">
     <span class='ocr_line' id='line_1_4' title="bbox 410 519 2051 582; baseline 0.005 -25"><span class='ocrx_word' id='word_1_17' title='bbox 410 519 443 558; x_wconf 89' lang='grc'><strong>1.</strong></span> <span class='ocrx_word' id='word_1_18' title='bbox 506 519 717 558; x_wconf 82' lang='lat' dir='ltr'><strong>Planudes</strong></span> <span class='ocrx_word' id='word_1_19' title='bbox 747 520 873 559; x_wconf 86' lang='lat' dir='ltr'><strong>habet</strong></span> <span class='ocrx_word' id='word_1_20' title='bbox 899 532 1012 571; x_wconf 63' lang='lat' dir='ltr'><strong>epp„</strong></span> <span class='ocrx_word' id='word_1_21' title='bbox 1045 532 1156 571; x_wconf 91' lang='lat' dir='ltr'><strong>quae</strong></span> <span class='ocrx_word' id='word_1_22' title='bbox 1182 521 1339 561; x_wconf 77' lang='lat' dir='ltr'><strong>desunt</strong></span> <span class='ocrx_word' id='word_1_23' title='bbox 1368 522 1410 561; x_wconf 90' lang='lat' dir='ltr'><strong>in</strong></span> <span class='ocrx_word' id='word_1_24' title='bbox 1441 522 1566 562; x_wconf 79' lang='lat' dir='ltr'><strong>Anth.</strong></span> <span class='ocrx_word' id='word_1_25' title='bbox 1597 522 1685 563; x_wconf 84' lang='lat' dir='ltr'><strong>Pal.</strong></span> <span class='ocrx_word' id='word_1_26' title='bbox 1714 521 1761 576; x_wconf 63' lang='lat' dir='ltr'><strong>(fl</strong></span> <span class='ocrx_word' id='word_1_27' title='bbox 1793 522 1900 576; x_wconf 82' lang='grc'>106).</span> <span class='ocrx_word' id='word_1_28' title='bbox 2038 571 2051 582; x_wconf 11' lang='grc' dir='ltr'><strong>Ἴ,</strong></span> 
     </span>
    </p>

    <p class='ocr_par' dir='ltr' id='par_1_4' title="bbox 405 584 2054 643">
     <span class='ocr_line' id='line_1_5' title="bbox 405 584 1987 643; baseline 0.006 -21"><span class='ocrx_word' id='word_1_29' title='bbox 405 584 442 623; x_wconf 86' lang='grc'><strong>2.</strong></span> <span class='ocrx_word' id='word_1_30' title='bbox 505 584 706 624; x_wconf 78' lang='lat' dir='ltr'><strong>Planudei</strong></span> <span class='ocrx_word' id='word_1_31' title='bbox 737 585 844 625; x_wconf 90' lang='lat' dir='ltr'><strong>tituli</strong></span> <span class='ocrx_word' id='word_1_32' title='bbox 876 598 959 625; x_wconf 91' lang='lat' dir='ltr'><strong>non</strong></span> <span class='ocrx_word' id='word_1_33' title='bbox 990 598 1158 637; x_wconf 81' lang='lat' dir='ltr'>semper</span> <span class='ocrx_word' id='word_1_34' title='bbox 1186 599 1282 627; x_wconf 91' lang='lat' dir='ltr'><strong>cum</strong></span> <span class='ocrx_word' id='word_1_35' title='bbox 1306 587 1510 627; x_wconf 71' lang='lat' dir='ltr'><strong>Palatinis</strong></span> <span class='ocrx_word' id='word_1_36' title='bbox 1528 588 1790 630; x_wconf 74' lang='lat' dir='ltr'><strong>conveniunt</strong></span> <span class='ocrx_word' id='word_1_37' title='bbox 1808 587 1856 643; x_wconf 62' lang='lat' dir='ltr'><strong>(g</strong></span> <span class='ocrx_word' id='word_1_38' title='bbox 1877 588 1987 642; x_wconf 76' lang='lat'><strong>107).</strong></span> 
     </span>
    </p>

    <p class='ocr_par' dir='ltr' id='par_1_5' title="bbox 353 649 2063 770">
     <span class='ocr_line' id='line_1_6' title="bbox 404 649 2051 707; baseline 0.005 -19"><span class='ocrx_word' id='word_1_39' title='bbox 404 649 441 688; x_wconf 83' lang='lat'><strong>3.</strong></span> <span class='ocrx_word' id='word_1_40' title='bbox 505 650 747 690; x_wconf 84' lang='lat' dir='ltr'><strong>Planudeus</strong></span> <span class='ocrx_word' id='word_1_41' title='bbox 784 652 1139 702; x_wconf 83' lang='lat' dir='ltr'><strong>epigrammatum</strong></span> <span class='ocrx_word' id='word_1_42' title='bbox 1178 655 1321 692; x_wconf 88' lang='lat' dir='ltr'><strong>textus</strong></span> <span class='ocrx_word' id='word_1_43' title='bbox 1349 664 1477 704; x_wconf 80' lang='lat' dir='ltr'><strong>saepe</strong></span> <span class='ocrx_word' id='word_1_44' title='bbox 1503 665 1528 693; x_wconf 85' lang='lat' dir='ltr'><strong>a</strong></span> <span class='ocrx_word' id='word_1_45' title='bbox 1560 653 1751 695; x_wconf 82' lang='lat' dir='ltr'><strong>Palatino</strong></span> <span class='ocrx_word' id='word_1_46' title='bbox 1777 653 1992 707; x_wconf 69' lang='lat' dir='ltr'><strong>discrepat</strong></span> <span class='ocrx_word' id='word_1_47' title='bbox 2042 674 2051 679; x_wconf 87' lang='grc'><strong>··</strong></span> 
     </span>
     <span class='ocr_line' id='line_1_7' title="bbox 353 714 2047 770; baseline 0.006 -17"><span class='ocrx_word' id='word_1_48' title='bbox 353 714 397 765; x_wconf 66' lang='grc' dir='ltr'><strong>(ἓ</strong></span> <span class='ocrx_word' id='word_1_49' title='bbox 433 715 537 764; x_wconf 89' lang='grc'>108).</span> <span class='ocrx_word' id='word_1_50' title='bbox 2038 752 2047 770; x_wconf 42' lang='lat'><strong>,5</strong></span> 
     </span>
    </p>

    <p class='ocr_par' dir='ltr' id='par_1_6' title="bbox 349 780 2064 886">
     <span class='ocr_line' id='line_1_8' title="bbox 407 780 2057 838; baseline 0.006 -20"><span class='ocrx_word' id='word_1_51' title='bbox 407 780 465 819; x_wconf 90' lang='lat' dir='ltr'><strong>Dc</strong></span> <span class='ocrx_word' id='word_1_52' title='bbox 493 780 560 819; x_wconf 88' lang='lat' dir='ltr'><strong>his</strong></span> <span class='ocrx_word' id='word_1_53' title='bbox 588 781 908 831; x_wconf 89' lang='lat' dir='ltr'><strong>discrepantiis,</strong></span> <span class='ocrx_word' id='word_1_54' title='bbox 940 783 1055 832; x_wconf 89' lang='lat' dir='ltr'><strong>quod</strong></span> <span class='ocrx_word' id='word_1_55' title='bbox 1084 782 1137 823; x_wconf 89' lang='lat' dir='ltr'><strong>ad</strong></span> <span class='ocrx_word' id='word_1_56' title='bbox 1170 783 1412 824; x_wconf 86' lang='lat' dir='ltr'><strong>Simonidea</strong></span> <span class='ocrx_word' id='word_1_57' title='bbox 1441 785 1613 835; x_wconf 78' lang='lat' dir='ltr'><strong>attinet,</strong></span> <span class='ocrx_word' id='word_1_58' title='bbox 1642 784 1843 837; x_wconf 79' lang='lat' dir='ltr'><strong>deinceps</strong></span> <span class='ocrx_word' id='word_1_59' title='bbox 1865 785 1993 827; x_wconf 74' lang='lat' dir='ltr'><strong>nobb</strong></span> <span class='ocrx_word' id='word_1_60' title='bbox 2036 785 2057 838; x_wconf 65' lang='lat' dir='ltr'><strong>&#39;f</strong></span> 
     </span>
     <span class='ocr_line' id='line_1_9' title="bbox 349 845 2064 886; baseline 0.006 -4"><span class='ocrx_word' id='word_1_61' title='bbox 349 845 574 885; x_wconf 76' lang='lat' dir='ltr'><strong>dicendum</strong></span> <span class='ocrx_word' id='word_1_62' title='bbox 603 849 680 886; x_wconf 85' lang='lat' dir='ltr'><strong>est.</strong></span> <span class='ocrx_word' id='word_1_63' title='bbox 2044 858 2064 879; x_wconf 66' lang='lat'><strong>‘-</strong></span> 
     </span>
    </p>

    <p class='ocr_par' dir='ltr' id='par_1_7' title="bbox 345 910 2070 2277">
     <span class='ocr_line' id='line_1_10' title="bbox 406 910 2067 974; baseline 0.005 -24"><span class='ocrx_word' id='word_1_64' title='bbox 406 910 431 962; x_wconf 66' lang='grc' dir='ltr'>ξ</span> <span class='ocrx_word' id='word_1_65' title='bbox 467 912 552 951; x_wconf 88' lang='grc'>106.</span> <span class='ocrx_word' id='word_1_66' title='bbox 617 911 682 952; x_wconf 84' lang='lat' dir='ltr'><strong>De</strong></span> <span class='ocrx_word' id='word_1_67' title='bbox 709 924 808 964; x_wconf 81' lang='lat' dir='ltr'><strong>epp.</strong></span> <span class='ocrx_word' id='word_1_68' title='bbox 838 912 1015 953; x_wconf 80' lang='lat' dir='ltr'><strong>Simon.</strong></span> <span class='ocrx_word' id='word_1_69' title='bbox 1047 913 1300 955; x_wconf 74' lang='lat' dir='ltr'><strong>Planudeis</strong></span> <span class='ocrx_word' id='word_1_70' title='bbox 1328 914 1379 955; x_wconf 85' lang='lat' dir='ltr'><strong>in</strong></span> <span class='ocrx_word' id='word_1_71' title='bbox 1408 914 1502 956; x_wconf 82' lang='grc' dir='ltr'><strong>ΑΡ.</strong></span> <span class='ocrx_word' id='word_1_72' title='bbox 1531 927 1627 956; x_wconf 82' lang='lat' dir='ltr'><strong>non</strong></span> <span class='ocrx_word' id='word_1_73' title='bbox 1656 914 1816 958; x_wconf 68' lang='lat' dir='ltr'><strong>obviis.</strong></span> <span class='ocrx_word' id='word_1_74' title='bbox 1870 916 1991 958; x_wconf 67' lang='lat' dir='ltr'><strong>Inter</strong></span> <span class='ocrx_word' id='word_1_75' title='bbox 2060 945 2067 974; x_wconf 60' lang='lat'><em>3</em></span> 
     </span>
     <span class='ocr_line' id='line_1_11' title="bbox 349 976 2064 1032; baseline 0.005 -17"><span class='ocrx_word' id='word_1_76' title='bbox 349 988 443 1027; x_wconf 89' lang='lat' dir='ltr'><strong>epp.</strong></span> <span class='ocrx_word' id='word_1_77' title='bbox 485 977 727 1019; x_wconf 87' lang='lat' dir='ltr'><strong>Simonidea</strong></span> <span class='ocrx_word' id='word_1_78' title='bbox 768 979 838 1028; x_wconf 84' lang='grc'>49,</span> <span class='ocrx_word' id='word_1_79' title='bbox 881 991 992 1030; x_wconf 90' lang='lat' dir='ltr'><strong>quae</strong></span> <span class='ocrx_word' id='word_1_80' title='bbox 1027 980 1069 1019; x_wconf 90' lang='lat' dir='ltr'><strong>in</strong></span> <span class='ocrx_word' id='word_1_81' title='bbox 1099 980 1352 1031; x_wconf 77' lang='lat' dir='ltr'><strong>Anthologia</strong></span> <span class='ocrx_word' id='word_1_82' title='bbox 1385 981 1600 1021; x_wconf 85' lang='lat' dir='ltr'><strong>Planudea</strong></span> <span class='ocrx_word' id='word_1_83' title='bbox 1629 981 1911 1023; x_wconf 84' lang='lat' dir='ltr'><strong>inveniuntur</strong></span> <span class='ocrx_word' id='word_1_84' title='bbox 1935 1003 2008 1032; x_wconf 71' lang='lat'><strong>-,</strong></span> <span class='ocrx_word' id='word_1_85' title='bbox 2051 976 2064 1019; x_wconf 63' lang='lat' dir='ltr'>J</span> 
     </span>
     <span class='ocr_line' id='line_1_12' title="bbox 352 1042 2067 1099; baseline 0.006 -19"><span class='ocrx_word' id='word_1_86' title='bbox 352 1042 540 1081; x_wconf 87' lang='lat' dir='ltr'><strong>Palatina</strong></span> <span class='ocrx_word' id='word_1_87' title='bbox 581 1043 706 1083; x_wconf 81' lang='lat' dir='ltr'><strong>habet</strong></span> <span class='ocrx_word' id='word_1_88' title='bbox 745 1044 795 1083; x_wconf 88' lang='grc'><strong>70</strong></span> <span class='ocrx_word' id='word_1_89' title='bbox 834 1045 898 1083; x_wconf 90' lang='lat' dir='ltr'><strong>vel</strong></span> <span class='ocrx_word' id='word_1_90' title='bbox 933 1045 967 1084; x_wconf 86' lang='lat' dir='ltr'><strong>si</strong></span> <span class='ocrx_word' id='word_1_91' title='bbox 998 1045 1189 1096; x_wconf 85' lang='lat' dir='ltr'><strong>syllogen</strong></span> <span class='ocrx_word' id='word_1_92' title='bbox 1219 1043 1284 1085; x_wconf 76' lang='grc' dir='ltr'><strong>Σπ</strong></span> <span class='ocrx_word' id='word_1_93' title='bbox 1315 1047 1640 1097; x_wconf 74' lang='lat' dir='ltr'><strong>comprehendis</strong></span> <span class='ocrx_word' id='word_1_94' title='bbox 1668 1047 1720 1088; x_wconf 83' lang='lat'><strong>73</strong></span> <span class='ocrx_word' id='word_1_95' title='bbox 1751 1073 1796 1080; x_wconf 92' lang='lat'><em>-</em></span> <span class='ocrx_word' id='word_1_96' title='bbox 1826 1057 1990 1090; x_wconf 72' lang='lat' dir='ltr'><strong>novom</strong></span> <span class='ocrx_word' id='word_1_97' title='bbox 2058 1061 2067 1099; x_wconf 69' lang='grc' dir='ltr'><strong>ς’</strong></span> 
     </span>
     <span class='ocr_line' id='line_1_13' title="bbox 351 1105 1990 1164; baseline 0.005 -18"><span class='ocrx_word' id='word_1_98' title='bbox 351 1105 486 1156; x_wconf 87' lang='lat' dir='ltr'><strong>(XVI.</strong></span> <span class='ocrx_word' id='word_1_99' title='bbox 525 1108 570 1157; x_wconf 83' lang='lat'><strong>2,</strong></span> <span class='ocrx_word' id='word_1_100' title='bbox 612 1109 659 1158; x_wconf 86' lang='lat'><strong>3,</strong></span> <span class='ocrx_word' id='word_1_101' title='bbox 700 1109 774 1158; x_wconf 85' lang='grc'>23,</span> <span class='ocrx_word' id='word_1_102' title='bbox 816 1110 890 1159; x_wconf 87' lang='grc'>24,</span> <span class='ocrx_word' id='word_1_103' title='bbox 931 1110 1005 1160; x_wconf 88' lang='grc'>26,</span> <span class='ocrx_word' id='word_1_104' title='bbox 1048 1110 1121 1160; x_wconf 89' lang='grc'><strong>60,</strong></span> <span class='ocrx_word' id='word_1_105' title='bbox 1163 1111 1237 1160; x_wconf 90' lang='grc'><strong>82,</strong></span> <span class='ocrx_word' id='word_1_106' title='bbox 1278 1112 1379 1161; x_wconf 82' lang='grc'>204,</span> <span class='ocrx_word' id='word_1_107' title='bbox 1421 1112 1499 1152; x_wconf 87' lang='grc'><strong>232</strong></span> <span class='ocrx_word' id='word_1_108' title='bbox 1537 1128 1589 1145; x_wconf 92' lang='lat'>=</span> <span class='ocrx_word' id='word_1_109' title='bbox 1624 1112 1990 1164; x_wconf 57' lang='lat' dir='ltr'><strong>conspuet-noma</strong></span> 
     </span>
     <span class='ocr_line' id='line_1_14' title="bbox 350 1173 2046 1230; baseline 0.006 -20"><span class='ocrx_word' id='word_1_110' title='bbox 350 1184 390 1211; x_wconf 92' lang='lat' dir='ltr'><strong>n.</strong></span> <span class='ocrx_word' id='word_1_111' title='bbox 419 1173 492 1222; x_wconf 84' lang='lat'><strong>33,</strong></span> <span class='ocrx_word' id='word_1_112' title='bbox 532 1173 604 1223; x_wconf 88' lang='grc'>34,</span> <span class='ocrx_word' id='word_1_113' title='bbox 643 1174 690 1223; x_wconf 88' lang='grc'><strong>3,</strong></span> <span class='ocrx_word' id='word_1_114' title='bbox 729 1175 776 1224; x_wconf 84' lang='grc'>4,</span> <span class='ocrx_word' id='word_1_115' title='bbox 815 1176 888 1225; x_wconf 85' lang='grc'><strong>41,</strong></span> <span class='ocrx_word' id='word_1_116' title='bbox 928 1175 1001 1225; x_wconf 89' lang='grc'><strong>23,</strong></span> <span class='ocrx_word' id='word_1_117' title='bbox 1041 1175 1116 1226; x_wconf 89' lang='grc'><strong>26,</strong></span> <span class='ocrx_word' id='word_1_118' title='bbox 1149 1176 1223 1226; x_wconf 88' lang='grc'>24,</span> <span class='ocrx_word' id='word_1_119' title='bbox 1256 1177 1327 1227; x_wconf 85' lang='grc'>25)</span> <span class='ocrx_word' id='word_1_120' title='bbox 1359 1179 1484 1227; x_wconf 89' lang='lat' dir='ltr'><strong>sunt,</strong></span> <span class='ocrx_word' id='word_1_121' title='bbox 1524 1178 1706 1228; x_wconf 86' lang='lat' dir='ltr'><strong>quaein</strong></span> <span class='ocrx_word' id='word_1_122' title='bbox 1734 1177 1989 1230; x_wconf 71' lang='lat' dir='ltr'><strong>Anthologin</strong></span> <span class='ocrx_word' id='word_1_123' title='bbox 2043 1178 2046 1179; x_wconf 59' lang='grc'>’</span> 
     </span>
     <span class='ocr_line' id='line_1_15' title="bbox 350 1238 1989 1295; baseline 0.005 -19"><span class='ocrx_word' id='word_1_124' title='bbox 350 1238 538 1277; x_wconf 85' lang='lat' dir='ltr'><strong>Palatina</strong></span> <span class='ocrx_word' id='word_1_125' title='bbox 568 1239 879 1280; x_wconf 85' lang='lat' dir='ltr'><strong>desiderantur.</strong></span> <span class='ocrx_word' id='word_1_126' title='bbox 916 1241 960 1280; x_wconf 91' lang='lat' dir='ltr'><strong>Si</strong></span> <span class='ocrx_word' id='word_1_127' title='bbox 990 1242 1088 1291; x_wconf 85' lang='lat' dir='ltr'><strong>quis</strong></span> <span class='ocrx_word' id='word_1_128' title='bbox 1116 1242 1304 1292; x_wconf 89' lang='lat' dir='ltr'><strong>quaerit,</strong></span> <span class='ocrx_word' id='word_1_129' title='bbox 1340 1254 1444 1282; x_wconf 91' lang='lat' dir='ltr'><strong>num</strong></span> <span class='ocrx_word' id='word_1_130' title='bbox 1474 1243 1578 1283; x_wconf 88' lang='lat' dir='ltr'><strong>haec</strong></span> <span class='ocrx_word' id='word_1_131' title='bbox 1604 1254 1700 1295; x_wconf 89' lang='lat' dir='ltr'><strong>epp.</strong></span> <span class='ocrx_word' id='word_1_132' title='bbox 1726 1242 1820 1284; x_wconf 82' lang='lat' dir='ltr'><strong>sive</strong></span> <span class='ocrx_word' id='word_1_133' title='bbox 1844 1243 1989 1285; x_wconf 73' lang='lat' dir='ltr'><strong>omnin</strong></span> 
     </span>
     <span class='ocr_line' id='line_1_16' title="bbox 348 1305 1988 1360; baseline 0.006 -19"><span class='ocrx_word' id='word_1_134' title='bbox 348 1315 438 1342; x_wconf 82' lang='lat' dir='ltr'><strong>Sive</strong></span> <span class='ocrx_word' id='word_1_135' title='bbox 459 1305 662 1343; x_wconf 90' lang='lat' dir='ltr'><strong>nonnulla</strong></span> <span class='ocrx_word' id='word_1_136' title='bbox 684 1317 758 1355; x_wconf 89' lang='lat' dir='ltr'><strong>per</strong></span> <span class='ocrx_word' id='word_1_137' title='bbox 775 1306 1062 1356; x_wconf 87' lang='lat' dir='ltr'><strong>Cephalanam</strong></span> <span class='ocrx_word' id='word_1_138' title='bbox 1081 1307 1379 1358; x_wconf 83' lang='lat' dir='ltr'><strong>Anthologiam</strong></span> <span class='ocrx_word' id='word_1_139' title='bbox 1396 1308 1762 1360; x_wconf 80' lang='lat' dir='ltr'><strong>Meleagreamque</strong></span> <span class='ocrx_word' id='word_1_140' title='bbox 1774 1308 1988 1350; x_wconf 72' lang='lat' dir='ltr'><strong>Coronam</strong></span> 
     </span>
     <span class='ocr_line' id='line_1_17' title="bbox 347 1369 1990 1426; baseline 0.007 -19"><span class='ocrx_word' id='word_1_141' title='bbox 347 1380 397 1407; x_wconf 86' lang='lat' dir='ltr'><strong>ex</strong></span> <span class='ocrx_word' id='word_1_142' title='bbox 426 1369 596 1420; x_wconf 71' lang='lat' dir='ltr'><strong>Sylloge</strong></span> <span class='ocrx_word' id='word_1_143' title='bbox 623 1370 865 1410; x_wconf 90' lang='lat' dir='ltr'><strong>Simonidea</strong></span> <span class='ocrx_word' id='word_1_144' title='bbox 892 1374 1125 1422; x_wconf 85' lang='lat' dir='ltr'><strong>propagata</strong></span> <span class='ocrx_word' id='word_1_145' title='bbox 1152 1373 1390 1423; x_wconf 85' lang='lat' dir='ltr'><strong>videantur,</strong></span> <span class='ocrx_word' id='word_1_146' title='bbox 1422 1374 1459 1413; x_wconf 89' lang='lat' dir='ltr'><strong>ei</strong></span> <span class='ocrx_word' id='word_1_147' title='bbox 1485 1385 1657 1414; x_wconf 84' lang='lat' dir='ltr'><strong>necesse</strong></span> <span class='ocrx_word' id='word_1_148' title='bbox 1673 1374 1754 1415; x_wconf 79' lang='lat' dir='ltr'><strong>erit</strong></span> <span class='ocrx_word' id='word_1_149' title='bbox 1770 1373 1990 1426; x_wconf 53' lang='lat' dir='ltr'><strong>inquinem</strong></span> 
     </span>
     <span class='ocr_line' id='line_1_18' title="bbox 348 1434 2070 1499; baseline 0.005 -27"><span class='ocrx_word' id='word_1_150' title='bbox 348 1434 389 1471; x_wconf 92' lang='lat' dir='ltr'><strong>in</strong></span> <span class='ocrx_word' id='word_1_151' title='bbox 430 1435 698 1485; x_wconf 86' lang='lat' dir='ltr'><strong>universam,</strong></span> <span class='ocrx_word' id='word_1_152' title='bbox 740 1447 851 1485; x_wconf 90' lang='lat' dir='ltr'><strong>quae</strong></span> <span class='ocrx_word' id='word_1_153' title='bbox 887 1437 1054 1476; x_wconf 90' lang='lat' dir='ltr'><strong>intersit</strong></span> <span class='ocrx_word' id='word_1_154' title='bbox 1092 1437 1202 1477; x_wconf 87' lang='lat' dir='ltr'><strong>inter</strong></span> <span class='ocrx_word' id='word_1_155' title='bbox 1242 1438 1501 1479; x_wconf 88' lang='lat' dir='ltr'><strong>Planudeam</strong></span> <span class='ocrx_word' id='word_1_156' title='bbox 1539 1442 1668 1490; x_wconf 85' lang='lat' dir='ltr'><strong>atque</strong></span> <span class='ocrx_word' id='word_1_157' title='bbox 1698 1439 1988 1491; x_wconf 73' lang='lat' dir='ltr'><strong>Cephalmm</strong></span> <span class='ocrx_word' id='word_1_158' title='bbox 2062 1469 2070 1499; x_wconf 73' lang='lat' dir='ltr'><strong>j·</strong></span> 
     </span>
     <span class='ocr_line' id='line_1_19' title="bbox 347 1499 1987 1552; baseline 0.006 -15"><span class='ocrx_word' id='word_1_159' title='bbox 347 1499 645 1550; x_wconf 86' lang='lat' dir='ltr'><strong>Anthologias,</strong></span> <span class='ocrx_word' id='word_1_160' title='bbox 691 1501 1002 1551; x_wconf 90' lang='lat' dir='ltr'><strong>condicionem,</strong></span> <span class='ocrx_word' id='word_1_161' title='bbox 1045 1514 1174 1552; x_wconf 90' lang='lat' dir='ltr'><strong>quam</strong></span> <span class='ocrx_word' id='word_1_162' title='bbox 1214 1504 1405 1543; x_wconf 89' lang='lat' dir='ltr'><strong>nondum</strong></span> <span class='ocrx_word' id='word_1_163' title='bbox 1444 1505 1502 1544; x_wconf 89' lang='lat' dir='ltr'><strong>ita</strong></span> <span class='ocrx_word' id='word_1_164' title='bbox 1538 1504 1759 1546; x_wconf 85' lang='lat' dir='ltr'><strong>constituit</strong></span> <span class='ocrx_word' id='word_1_165' title='bbox 1794 1504 1987 1547; x_wconf 73' lang='lat' dir='ltr'><strong>vitorum</strong></span> 
     </span>
     <span class='ocr_line' id='line_1_20' title="bbox 347 1563 2019 1623; baseline 0.006 -21"><span class='ocrx_word' id='word_1_166' title='bbox 347 1564 567 1604; x_wconf 89' lang='lat' dir='ltr'><strong>doctorum</strong></span> <span class='ocrx_word' id='word_1_167' title='bbox 606 1567 929 1617; x_wconf 82' lang='lat' dir='ltr'><strong>pervestigatio,</strong></span> <span class='ocrx_word' id='word_1_168' title='bbox 973 1571 1019 1607; x_wconf 88' lang='lat' dir='ltr'><strong>ut</strong></span> <span class='ocrx_word' id='word_1_169' title='bbox 1054 1569 1294 1608; x_wconf 87' lang='lat' dir='ltr'><strong>communis</strong></span> <span class='ocrx_word' id='word_1_170' title='bbox 1321 1569 1465 1620; x_wconf 88' lang='lat' dir='ltr'><strong>opinio</strong></span> <span class='ocrx_word' id='word_1_171' title='bbox 1493 1570 1669 1611; x_wconf 79' lang='lat' dir='ltr'><strong>formari</strong></span> <span class='ocrx_word' id='word_1_172' title='bbox 1696 1569 1882 1622; x_wconf 77' lang='lat' dir='ltr'><strong>potuerit</strong></span> <span class='ocrx_word' id='word_1_173' title='bbox 1908 1569 1997 1623; x_wconf 43' lang='grc' dir='ltr'><strong>(οἱ.Ὺ</strong></span> <span class='ocrx_word' id='word_1_174' title='bbox 2018 1563 2019 1567; x_wconf 34' lang='grc'><strong>“</strong></span> 
     </span>
     <span class='ocr_line' id='line_1_21' title="bbox 350 1630 1983 1687; baseline 0.005 -19"><span class='ocrx_word' id='word_1_175' title='bbox 350 1630 516 1670; x_wconf 82' lang='lat' dir='ltr'><strong>Susem.</strong></span> <span class='ocrx_word' id='word_1_176' title='bbox 545 1631 606 1670; x_wconf 92' lang='lat' dir='ltr'><strong>Al.</strong></span> <span class='ocrx_word' id='word_1_177' title='bbox 637 1632 682 1670; x_wconf 91' lang='lat' dir='ltr'><strong>L.</strong></span> <span class='ocrx_word' id='word_1_178' title='bbox 712 1630 769 1671; x_wconf 89' lang='grc' dir='ltr'><strong>ΙΙ.</strong></span> <span class='ocrx_word' id='word_1_179' title='bbox 799 1633 896 1681; x_wconf 87' lang='grc'>570;</span> <span class='ocrx_word' id='word_1_180' title='bbox 936 1633 1183 1673; x_wconf 90' lang='lat' dir='ltr'><strong>PW.-—RE.</strong></span> <span class='ocrx_word' id='word_1_181' title='bbox 1212 1633 1247 1674; x_wconf 93' lang='lat' dir='ltr'><strong>I.</strong></span> <span class='ocrx_word' id='word_1_182' title='bbox 1276 1634 1400 1683; x_wconf 71' lang='lat'>23865</span> <span class='ocrx_word' id='word_1_183' title='bbox 1433 1635 1610 1675; x_wconf 81' lang='lat' dir='ltr'><strong>Krumb.</strong></span> <span class='ocrx_word' id='word_1_184' title='bbox 1640 1635 1743 1687; x_wconf 79' lang='lat' dir='ltr'><strong>Byz.</strong></span> <span class='ocrx_word' id='word_1_185' title='bbox 1769 1634 1843 1676; x_wconf 51' lang='grc' dir='ltr'><strong>[μ’</strong></span> <span class='ocrx_word' id='word_1_186' title='bbox 1869 1633 1983 1687; x_wconf 79' lang='lat'><strong>⁷28).</strong></span> 
     </span>
     <span class='ocr_line' id='line_1_22' title="bbox 348 1696 2055 1752; baseline 0.005 -18"><span class='ocrx_word' id='word_1_187' title='bbox 348 1696 526 1735; x_wconf 84' lang='lat' dir='ltr'><strong>Nostrae</strong></span> <span class='ocrx_word' id='word_1_188' title='bbox 562 1699 702 1736; x_wconf 88' lang='lat' dir='ltr'><strong>autem</strong></span> <span class='ocrx_word' id='word_1_189' title='bbox 742 1699 1108 1738; x_wconf 86' lang='lat' dir='ltr'><strong>commentationis</strong></span> <span class='ocrx_word' id='word_1_190' title='bbox 1146 1699 1255 1739; x_wconf 78' lang='lat' dir='ltr'><strong>fines</strong></span> <span class='ocrx_word' id='word_1_191' title='bbox 1294 1700 1472 1740; x_wconf 90' lang='lat' dir='ltr'><strong>nimium</strong></span> <span class='ocrx_word' id='word_1_192' title='bbox 1501 1701 1719 1752; x_wconf 81' lang='lat' dir='ltr'><strong>egreditur</strong></span> <span class='ocrx_word' id='word_1_193' title='bbox 1744 1699 1987 1752; x_wconf 70' lang='lat' dir='ltr'><strong>disquisitio</strong></span> <span class='ocrx_word' id='word_1_194' title='bbox 2050 1698 2055 1705; x_wconf 84' lang='grc'><strong>’</strong></span> 
     </span>
     <span class='ocr_line' id='line_1_23' title="bbox 346 1762 1982 1817; baseline 0.005 -18"><span class='ocrx_word' id='word_1_195' title='bbox 346 1762 575 1811; x_wconf 86' lang='lat' dir='ltr'><strong>eiusmodi,</strong></span> <span class='ocrx_word' id='word_1_196' title='bbox 609 1774 747 1812; x_wconf 87' lang='lat' dir='ltr'><strong>neque</strong></span> <span class='ocrx_word' id='word_1_197' title='bbox 774 1763 1091 1815; x_wconf 88' lang='lat' dir='ltr'><strong>investigationi</strong></span> <span class='ocrx_word' id='word_1_198' title='bbox 1122 1765 1391 1805; x_wconf 85' lang='lat' dir='ltr'><strong>Simonideae</strong></span> <span class='ocrx_word' id='word_1_199' title='bbox 1417 1766 1570 1806; x_wconf 84' lang='lat' dir='ltr'><strong>obesse</strong></span> <span class='ocrx_word' id='word_1_200' title='bbox 1594 1767 1827 1817; x_wconf 81' lang='lat' dir='ltr'><strong>quicquam</strong></span> <span class='ocrx_word' id='word_1_201' title='bbox 1853 1767 1982 1817; x_wconf 75' lang='lat' dir='ltr'><strong>puto..</strong></span> 
     </span>
     <span class='ocr_line' id='line_1_24' title="bbox 347 1827 2058 1883; baseline 0.005 -18"><span class='ocrx_word' id='word_1_202' title='bbox 347 1827 381 1865; x_wconf 86' lang='lat' dir='ltr'><strong>si</strong></span> <span class='ocrx_word' id='word_1_203' title='bbox 412 1830 508 1866; x_wconf 85' lang='lat' dir='ltr'><strong>utar</strong></span> <span class='ocrx_word' id='word_1_204' title='bbox 535 1839 584 1867; x_wconf 91' lang='lat' dir='ltr'><strong>ea</strong></span> <span class='ocrx_word' id='word_1_205' title='bbox 613 1829 831 1878; x_wconf 87' lang='lat' dir='ltr'><strong>opinione,</strong></span> <span class='ocrx_word' id='word_1_206' title='bbox 864 1841 993 1879; x_wconf 89' lang='lat' dir='ltr'><strong>quam</strong></span> <span class='ocrx_word' id='word_1_207' title='bbox 1025 1830 1150 1870; x_wconf 90' lang='lat' dir='ltr'><strong>hodie</strong></span> <span class='ocrx_word' id='word_1_208' title='bbox 1178 1831 1369 1881; x_wconf 86' lang='lat' dir='ltr'><strong>plerique</strong></span> <span class='ocrx_word' id='word_1_209' title='bbox 1398 1831 1477 1870; x_wconf 89' lang='lat' dir='ltr'><strong>viri</strong></span> <span class='ocrx_word' id='word_1_210' title='bbox 1505 1832 1617 1872; x_wconf 89' lang='lat' dir='ltr'><strong>docti</strong></span> <span class='ocrx_word' id='word_1_211' title='bbox 1645 1831 1981 1883; x_wconf 69' lang='lat' dir='ltr'><strong>amplectuntur,</strong></span> <span class='ocrx_word' id='word_1_212' title='bbox 2027 1844 2058 1882; x_wconf 66' lang='lat' dir='ltr'><strong>j.</strong></span> 
     </span>
     <span class='ocr_line' id='line_1_25' title="bbox 347 1893 2052 1949; baseline 0.005 -18"><span class='ocrx_word' id='word_1_213' title='bbox 347 1893 578 1933; x_wconf 90' lang='lat' dir='ltr'><strong>Planudem</strong></span> <span class='ocrx_word' id='word_1_214' title='bbox 618 1897 784 1944; x_wconf 88' lang='lat' dir='ltr'><strong>praeter</strong></span> <span class='ocrx_word' id='word_1_215' title='bbox 822 1896 1033 1946; x_wconf 89' lang='lat' dir='ltr'><strong>Cephalae</strong></span> <span class='ocrx_word' id='word_1_216' title='bbox 1069 1897 1366 1948; x_wconf 88' lang='lat' dir='ltr'><strong>Anthologiam</strong></span> <span class='ocrx_word' id='word_1_217' title='bbox 1405 1897 1541 1948; x_wconf 87' lang='lat' dir='ltr'><strong>ipsam</strong></span> <span class='ocrx_word' id='word_1_218' title='bbox 1581 1909 1820 1949; x_wconf 71' lang='lat' dir='ltr'><strong>usurpasse</strong></span> <span class='ocrx_word' id='word_1_219' title='bbox 1843 1897 1985 1946; x_wconf 69' lang='lat' dir='ltr'><strong>lontoe</strong></span> <span class='ocrx_word' id='word_1_220' title='bbox 2050 1903 2052 1906; x_wconf 85' lang='lat'>&#39;</span> 
     </span>
     <span class='ocr_line' id='line_1_26' title="bbox 345 1958 2065 2025; baseline 0.005 -29"><span class='ocrx_word' id='word_1_221' title='bbox 345 1958 437 1996; x_wconf 86' lang='lat' dir='ltr'><strong>eius</strong></span> <span class='ocrx_word' id='word_1_222' title='bbox 468 1959 539 2008; x_wconf 88' lang='lat' dir='ltr'><strong>(de</strong></span> <span class='ocrx_word' id='word_1_223' title='bbox 566 1959 661 1998; x_wconf 87' lang='lat' dir='ltr'><strong>libri</strong></span> <span class='ocrx_word' id='word_1_224' title='bbox 691 1961 773 1999; x_wconf 86' lang='grc' dir='ltr'><strong>ΑΡ.</strong></span> <span class='ocrx_word' id='word_1_225' title='bbox 803 1959 913 2000; x_wconf 89' lang='lat' dir='ltr'>XIII</span> <span class='ocrx_word' id='word_1_226' title='bbox 943 1973 1026 2000; x_wconf 89' lang='lat' dir='ltr'><strong>usu</strong></span> <span class='ocrx_word' id='word_1_227' title='bbox 1056 1962 1171 2012; x_wconf 88' lang='lat' dir='ltr'><strong>apud</strong></span> <span class='ocrx_word' id='word_1_228' title='bbox 1202 1962 1319 2002; x_wconf 90' lang='lat' dir='ltr'><strong>Plan.</strong></span> <span class='ocrx_word' id='word_1_229' title='bbox 1348 1963 1401 2003; x_wconf 78' lang='lat' dir='ltr'><strong>cf.</strong></span> <span class='ocrx_word' id='word_1_230' title='bbox 1432 1961 1459 2015; x_wconf 66' lang='grc' dir='ltr'>ἓ</span> <span class='ocrx_word' id='word_1_231' title='bbox 1492 1963 1565 2002; x_wconf 89' lang='grc'><strong>111</strong></span> <span class='ocrx_word' id='word_1_232' title='bbox 1596 1962 1772 2014; x_wconf 80' lang='lat' dir='ltr'><strong>n.155).</strong></span> <span class='ocrx_word' id='word_1_233' title='bbox 1805 1961 1985 2004; x_wconf 72' lang='lat' dir='ltr'><strong>Sicflcri</strong></span> <span class='ocrx_word' id='word_1_234' title='bbox 2047 1959 2065 2025; x_wconf 50' lang='lat' dir='ltr'><strong>js</strong></span> 
     </span>
     <span class='ocr_line' id='line_1_27' title="bbox 347 2024 2033 2081; baseline 0.005 -19"><span class='ocrx_word' id='word_1_235' title='bbox 347 2024 535 2072; x_wconf 89' lang='lat' dir='ltr'><strong>potuisse</strong></span> <span class='ocrx_word' id='word_1_236' title='bbox 569 2026 885 2065; x_wconf 88' lang='lat' dir='ltr'><strong>concedendum</strong></span> <span class='ocrx_word' id='word_1_237' title='bbox 914 2029 1001 2077; x_wconf 87' lang='lat' dir='ltr'><strong>est,</strong></span> <span class='ocrx_word' id='word_1_238' title='bbox 1043 2030 1090 2066; x_wconf 84' lang='lat' dir='ltr'><strong>ut</strong></span> <span class='ocrx_word' id='word_1_239' title='bbox 1118 2039 1171 2067; x_wconf 86' lang='lat' dir='ltr'><strong>ex</strong></span> <span class='ocrx_word' id='word_1_240' title='bbox 1200 2028 1367 2068; x_wconf 87' lang='lat' dir='ltr'><strong>Corona</strong></span> <span class='ocrx_word' id='word_1_241' title='bbox 1396 2029 1631 2080; x_wconf 83' lang='lat' dir='ltr'><strong>Meleagrea</strong></span> <span class='ocrx_word' id='word_1_242' title='bbox 1660 2029 1863 2081; x_wconf 60' lang='lat' dir='ltr'><strong>temperet</strong></span> <span class='ocrx_word' id='word_1_243' title='bbox 1890 2028 1984 2070; x_wconf 70' lang='lat' dir='ltr'><strong>Pin-</strong></span> <span class='ocrx_word' id='word_1_244' title='bbox 2031 2033 2033 2035; x_wconf 81' lang='grc'><strong>’</strong></span> 
     </span>
     <span class='ocr_line' id='line_1_28' title="bbox 347 2083 2046 2156; baseline 0.005 -29"><span class='ocrx_word' id='word_1_245' title='bbox 347 2089 482 2128; x_wconf 90' lang='lat' dir='ltr'><strong>nudes</strong></span> <span class='ocrx_word' id='word_1_246' title='bbox 514 2091 756 2131; x_wconf 88' lang='lat' dir='ltr'><strong>Simonidea</strong></span> <span class='ocrx_word' id='word_1_247' title='bbox 784 2104 895 2142; x_wconf 92' lang='lat' dir='ltr'><strong>epp.</strong></span> <span class='ocrx_word' id='word_1_248' title='bbox 893 2093 1137 2144; x_wconf 80' lang='lat' dir='ltr'><strong>nonnulla,</strong></span> <span class='ocrx_word' id='word_1_249' title='bbox 1170 2105 1282 2144; x_wconf 89' lang='lat' dir='ltr'><strong>quae</strong></span> <span class='ocrx_word' id='word_1_250' title='bbox 1309 2094 1353 2133; x_wconf 89' lang='lat' dir='ltr'><strong>in</strong></span> <span class='ocrx_word' id='word_1_251' title='bbox 1383 2094 1672 2144; x_wconf 89' lang='lat' dir='ltr'><strong>Cephalanam</strong></span> <span class='ocrx_word' id='word_1_252' title='bbox 1696 2105 1783 2135; x_wconf 83' lang='lat' dir='ltr'><strong>nen</strong></span> <span class='ocrx_word' id='word_1_253' title='bbox 1804 2093 1984 2135; x_wconf 64' lang='lat' dir='ltr'><strong>tram</strong></span> <span class='ocrx_word' id='word_1_254' title='bbox 2011 2083 2046 2156; x_wconf 57' lang='grc' dir='ltr'><strong>(Ξ</strong></span> 
     </span>
     <span class='ocr_line' id='line_1_29' title="bbox 345 2148 2057 2216; baseline 0.003 -23"><span class='ocrx_word' id='word_1_255' title='bbox 345 2157 451 2193; x_wconf 86' lang='lat' dir='ltr'><strong>sent.</strong></span> <span class='ocrx_word' id='word_1_256' title='bbox 486 2156 648 2195; x_wconf 89' lang='lat' dir='ltr'><strong>Revera</strong></span> <span class='ocrx_word' id='word_1_257' title='bbox 671 2157 887 2197; x_wconf 88' lang='lat' dir='ltr'><strong>Planudea</strong></span> <span class='ocrx_word' id='word_1_258' title='bbox 910 2169 1006 2208; x_wconf 91' lang='lat' dir='ltr'><strong>epp.</strong></span> <span class='ocrx_word' id='word_1_259' title='bbox 1030 2158 1191 2209; x_wconf 84' lang='lat' dir='ltr'><strong>aliquot</strong></span> <span class='ocrx_word' id='word_1_260' title='bbox 1215 2159 1268 2198; x_wconf 91' lang='lat' dir='ltr'><strong>ad</strong></span> <span class='ocrx_word' id='word_1_261' title='bbox 1294 2159 1495 2210; x_wconf 86' lang='lat' dir='ltr'><strong>Syllogen</strong></span> <span class='ocrx_word' id='word_1_262' title='bbox 1522 2158 1809 2201; x_wconf 76' lang='lat' dir='ltr'><strong>Simonideam</strong></span> <span class='ocrx_word' id='word_1_263' title='bbox 1833 2148 2030 2200; x_wconf 37' lang='lat' dir='ltr'><strong>reterri*</strong></span> <span class='ocrx_word' id='word_1_264' title='bbox 2029 2156 2057 2216; x_wconf 97' lang='lat'>5</span> 
     </span>
     <span class='ocr_line' id='line_1_30' title="bbox 346 2223 2048 2279; baseline 0.008 -21"><span class='ocrx_word' id='word_1_265' title='bbox 346 2223 539 2269; x_wconf 87' lang='lat' dir='ltr'><strong>possunt.</strong></span> <span class='ocrx_word' id='word_1_266' title='bbox 2022 2264 2048 2279; x_wconf 69' lang='lat'>„</span> 
     </span>
    </p>

    <p class='ocr_par' dir='ltr' id='par_1_8' title="bbox 343 2285 2063 2742">
     <span class='ocr_line' id='line_1_31' title="bbox 398 2285 2037 2342; baseline 0.003 -18"><span class='ocrx_word' id='word_1_267' title='bbox 398 2285 559 2325; x_wconf 88' lang='lat' dir='ltr'><strong>Indicia</strong></span> <span class='ocrx_word' id='word_1_268' title='bbox 584 2288 833 2338; x_wconf 89' lang='lat' dir='ltr'><strong>praecipua,</strong></span> <span class='ocrx_word' id='word_1_269' title='bbox 861 2300 914 2327; x_wconf 88' lang='lat' dir='ltr'><strong>ex</strong></span> <span class='ocrx_word' id='word_1_270' title='bbox 937 2289 1096 2339; x_wconf 92' lang='lat' dir='ltr'><strong>quibus</strong></span> <span class='ocrx_word' id='word_1_271' title='bbox 1119 2290 1337 2330; x_wconf 86' lang='lat' dir='ltr'><strong>Palatinae</strong></span> <span class='ocrx_word' id='word_1_272' title='bbox 1356 2290 1635 2342; x_wconf 85' lang='lat' dir='ltr'><strong>Anthologiae</strong></span> <span class='ocrx_word' id='word_1_273' title='bbox 1652 2301 1749 2341; x_wconf 83' lang='lat' dir='ltr'><strong>epp.</strong></span> <span class='ocrx_word' id='word_1_274' title='bbox 1770 2288 1982 2341; x_wconf 67' lang='lat' dir='ltr'><strong>quaedam</strong></span> <span class='ocrx_word' id='word_1_275' title='bbox 2028 2292 2063 2340; x_wconf 67' lang='lat'><strong>1³</strong></span> 
     </span>
     <span class='ocr_line' id='line_1_32' title="bbox 346 2349 1984 2406; baseline 0.005 -17"><span class='ocrx_word' id='word_1_276' title='bbox 346 2349 542 2401; x_wconf 86' lang='lat' dir='ltr'><strong>Syllogae</strong></span> <span class='ocrx_word' id='word_1_277' title='bbox 573 2351 840 2392; x_wconf 87' lang='lat' dir='ltr'><strong>Simonideae</strong></span> <span class='ocrx_word' id='word_1_278' title='bbox 869 2354 1085 2394; x_wconf 88' lang='lat' dir='ltr'><strong>vindicare</strong></span> <span class='ocrx_word' id='word_1_279' title='bbox 1112 2355 1330 2405; x_wconf 89' lang='lat' dir='ltr'><strong>potuimus</strong></span> <span class='ocrx_word' id='word_1_280' title='bbox 1361 2354 1409 2406; x_wconf 62' lang='grc' dir='ltr'><strong>(ξ</strong></span> <span class='ocrx_word' id='word_1_281' title='bbox 1431 2355 1484 2396; x_wconf 88' lang='grc'><strong>98</strong></span> <span class='ocrx_word' id='word_1_282' title='bbox 1508 2354 1642 2406; x_wconf 45' lang='grc' dir='ltr'>Βᾳίιη)</span> <span class='ocrx_word' id='word_1_283' title='bbox 1673 2354 1719 2395; x_wconf 84' lang='grc' dir='ltr'><strong>ἰιι</strong></span> <span class='ocrx_word' id='word_1_284' title='bbox 1739 2354 1984 2396; x_wconf 68' lang='lat' dir='ltr'><strong>munde-0</strong></span> 
     </span>
     <span class='ocr_line' id='line_1_33' title="bbox 343 2416 2038 2472; baseline 0.004 -18"><span class='ocrx_word' id='word_1_285' title='bbox 343 2427 437 2465; x_wconf 87' lang='lat' dir='ltr'><strong>epp.</strong></span> <span class='ocrx_word' id='word_1_286' title='bbox 464 2416 545 2455; x_wconf 86' lang='lat' dir='ltr'><strong>illis</strong></span> <span class='ocrx_word' id='word_1_287' title='bbox 574 2429 726 2456; x_wconf 89' lang='lat' dir='ltr'><strong>novem</strong></span> <span class='ocrx_word' id='word_1_288' title='bbox 756 2419 878 2468; x_wconf 89' lang='lat' dir='ltr'><strong>parvi</strong></span> <span class='ocrx_word' id='word_1_289' title='bbox 908 2421 1010 2458; x_wconf 92' lang='lat' dir='ltr'><strong>sunt</strong></span> <span class='ocrx_word' id='word_1_290' title='bbox 1038 2419 1198 2459; x_wconf 87' lang='lat' dir='ltr'><strong>auxilii.</strong></span> <span class='ocrx_word' id='word_1_291' title='bbox 1249 2420 1423 2459; x_wconf 90' lang='lat' dir='ltr'><strong>Nullum</strong></span> <span class='ocrx_word' id='word_1_292' title='bbox 1451 2420 1565 2459; x_wconf 92' lang='lat' dir='ltr'><strong>enim</strong></span> <span class='ocrx_word' id='word_1_293' title='bbox 1594 2431 1647 2459; x_wconf 88' lang='lat' dir='ltr'><strong>ex</strong></span> <span class='ocrx_word' id='word_1_294' title='bbox 1674 2419 1743 2459; x_wconf 80' lang='lat' dir='ltr'><strong>his</strong></span> <span class='ocrx_word' id='word_1_295' title='bbox 1769 2418 1982 2472; x_wconf 74' lang='lat' dir='ltr'><strong>epigram-</strong></span> <span class='ocrx_word' id='word_1_296' title='bbox 2033 2428 2038 2450; x_wconf 67' lang='grc' dir='ltr'>Γ</span> 
     </span>
     <span class='ocr_line' id='line_1_34' title="bbox 345 2481 2035 2536; baseline 0.005 -17"><span class='ocrx_word' id='word_1_297' title='bbox 345 2481 469 2519; x_wconf 87' lang='lat' dir='ltr'><strong>matis</strong></span> <span class='ocrx_word' id='word_1_298' title='bbox 506 2482 604 2521; x_wconf 87' lang='lat' dir='ltr'><strong>alibi</strong></span> <span class='ocrx_word' id='word_1_299' title='bbox 633 2483 675 2521; x_wconf 91' lang='lat' dir='ltr'><strong>in</strong></span> <span class='ocrx_word' id='word_1_300' title='bbox 705 2483 814 2522; x_wconf 87' lang='lat' dir='ltr'><strong>trad.</strong></span> <span class='ocrx_word' id='word_1_301' title='bbox 844 2484 877 2522; x_wconf 88' lang='lat' dir='ltr'>A</span> <span class='ocrx_word' id='word_1_302' title='bbox 907 2484 1125 2523; x_wconf 88' lang='lat' dir='ltr'><strong>invenitur</strong></span> <span class='ocrx_word' id='word_1_303' title='bbox 1155 2484 1260 2535; x_wconf 88' lang='lat' dir='ltr'><strong>(qua</strong></span> <span class='ocrx_word' id='word_1_304' title='bbox 1288 2497 1341 2524; x_wconf 80' lang='lat' dir='ltr'><strong>ex</strong></span> <span class='ocrx_word' id='word_1_305' title='bbox 1370 2497 1416 2524; x_wconf 90' lang='lat' dir='ltr'><strong>re</strong></span> <span class='ocrx_word' id='word_1_306' title='bbox 1442 2485 1555 2525; x_wconf 77' lang='lat' dir='ltr'><strong>effici</strong></span> <span class='ocrx_word' id='word_1_307' title='bbox 1583 2486 1729 2536; x_wconf 73' lang='lat' dir='ltr'><strong>posset</strong></span> <span class='ocrx_word' id='word_1_308' title='bbox 1754 2484 1824 2525; x_wconf 74' lang='lat' dir='ltr'><strong>hic</strong></span> <span class='ocrx_word' id='word_1_309' title='bbox 1849 2484 1981 2526; x_wconf 68' lang='lat' dir='ltr'><strong>trudl-</strong></span> <span class='ocrx_word' id='word_1_310' title='bbox 2028 2495 2035 2523; x_wconf 64' lang='lat'><em>5</em></span> 
     </span>
     <span class='ocr_line' id='line_1_35' title="bbox 345 2546 1982 2601; baseline 0.005 -18"><span class='ocrx_word' id='word_1_311' title='bbox 345 2546 498 2585; x_wconf 84' lang='lat' dir='ltr'><strong>tionem</strong></span> <span class='ocrx_word' id='word_1_312' title='bbox 531 2547 560 2585; x_wconf 88' lang='lat' dir='ltr'>S</span> <span class='ocrx_word' id='word_1_313' title='bbox 591 2548 801 2598; x_wconf 87' lang='lat' dir='ltr'><strong>praeberi)</strong></span> <span class='ocrx_word' id='word_1_314' title='bbox 829 2548 897 2598; x_wconf 83' lang='lat'>15¹)</span> <span class='ocrx_word' id='word_1_315' title='bbox 928 2552 1003 2588; x_wconf 91' lang='lat' dir='ltr'><strong>aut</strong></span> <span class='ocrx_word' id='word_1_316' title='bbox 1030 2550 1186 2601; x_wconf 88' lang='lat' dir='ltr'><strong>legitur</strong></span> <span class='ocrx_word' id='word_1_317' title='bbox 1214 2550 1258 2589; x_wconf 92' lang='lat' dir='ltr'><strong>in</strong></span> <span class='ocrx_word' id='word_1_318' title='bbox 1287 2550 1396 2590; x_wconf 86' lang='lat' dir='ltr'><strong>serie</strong></span> <span class='ocrx_word' id='word_1_319' title='bbox 1422 2551 1625 2590; x_wconf 86' lang='lat' dir='ltr'><strong>continua</strong></span> <span class='ocrx_word' id='word_1_320' title='bbox 1656 2549 1901 2591; x_wconf 73' lang='lat' dir='ltr'><strong>Simoniden</strong></span> <span class='ocrx_word' id='word_1_321' title='bbox 1925 2561 1982 2592; x_wconf 79' lang='lat' dir='ltr'><strong>ex</strong></span> 
     </span>
     <span class='ocr_line' id='line_1_36' title="bbox 345 2611 2044 2670; baseline 0.005 -22"><span class='ocrx_word' id='word_1_322' title='bbox 345 2611 554 2662; x_wconf 83' lang='lat' dir='ltr'><strong>Meleagro</strong></span> <span class='ocrx_word' id='word_1_323' title='bbox 574 2616 807 2663; x_wconf 86' lang='lat' dir='ltr'><strong>propagata</strong></span> <span class='ocrx_word' id='word_1_324' title='bbox 822 2614 908 2664; x_wconf 77' lang='lat'><strong>152).</strong></span> <span class='ocrx_word' id='word_1_325' title='bbox 942 2615 1084 2654; x_wconf 89' lang='lat' dir='ltr'><strong>Tertio</strong></span> <span class='ocrx_word' id='word_1_326' title='bbox 1103 2617 1244 2654; x_wconf 86' lang='lat' dir='ltr'><strong>autem</strong></span> <span class='ocrx_word' id='word_1_327' title='bbox 1265 2616 1440 2666; x_wconf 86' lang='lat' dir='ltr'><strong>indicio,</strong></span> <span class='ocrx_word' id='word_1_328' title='bbox 1466 2615 1705 2655; x_wconf 86' lang='lat' dir='ltr'><strong>Mnasalcea</strong></span> <span class='ocrx_word' id='word_1_329' title='bbox 1724 2615 1976 2667; x_wconf 76' lang='lat' dir='ltr'><strong>imitatione,</strong></span> <span class='ocrx_word' id='word_1_330' title='bbox 2032 2616 2044 2670; x_wconf 67' lang='lat' dir='ltr'><em>j</em></span> 
     </span>
     <span class='ocr_line' id='line_1_37' title="bbox 347 2675 1980 2732; baseline 0.004 -18"><span class='ocrx_word' id='word_1_331' title='bbox 347 2675 544 2727; x_wconf 78' lang='lat' dir='ltr'><strong>Syllogae</strong></span> <span class='ocrx_word' id='word_1_332' title='bbox 579 2681 827 2718; x_wconf 85' lang='lat' dir='ltr'><strong>accensetur</strong></span> <span class='ocrx_word' id='word_1_333' title='bbox 863 2692 928 2730; x_wconf 87' lang='lat' dir='ltr'><strong>ep.</strong></span> <span class='ocrx_word' id='word_1_334' title='bbox 958 2679 1076 2720; x_wconf 92' lang='lat' dir='ltr'><strong>XVI.</strong></span> <span class='ocrx_word' id='word_1_335' title='bbox 1105 2681 1157 2721; x_wconf 89' lang='grc'><strong>26</strong></span> <span class='ocrx_word' id='word_1_336' title='bbox 1187 2681 1313 2732; x_wconf 88' lang='lat' dir='ltr'><strong>(Sim.</strong></span> <span class='ocrx_word' id='word_1_337' title='bbox 1341 2680 1436 2731; x_wconf 89' lang='grc'>89),</span> <span class='ocrx_word' id='word_1_338' title='bbox 1476 2681 1530 2721; x_wconf 74' lang='lat' dir='ltr'><strong>cf.</strong></span> <span class='ocrx_word' id='word_1_339' title='bbox 1561 2679 1587 2732; x_wconf 67' lang='grc' dir='ltr'><strong>ξ</strong></span> <span class='ocrx_word' id='word_1_340' title='bbox 1620 2680 1711 2720; x_wconf 85' lang='grc'>129.</span> <span class='ocrx_word' id='word_1_341' title='bbox 1755 2680 1980 2721; x_wconf 68' lang='lat' dir='ltr'><strong>Praetem</strong></span> 
     </span>
    </p>
   </div>
   <div class='ocr_carea' id='block_1_3' title="bbox 2020 0 2072 3568">
    <p class='ocr_par' dir='ltr' id='par_1_9' title="bbox 2020 0 2072 3568">
     <span class='ocr_line' id='line_1_38' title="bbox 2020 0 2072 3568; baseline 0 0"><span class='ocrx_word' id='word_1_342' title='bbox 2020 0 2072 3568; x_wconf 95' lang='lat' dir='ltr'><strong> </strong></span> 
     </span>
    </p>
   </div>
   <div class='ocr_carea' id='block_1_4' title="bbox 346 2788 556 2795">
    <p class='ocr_par' dir='ltr' id='par_1_10' title="bbox 346 2788 556 2795">
     <span class='ocr_line' id='line_1_39' title="bbox 346 2788 556 2795; baseline 0 0"><span class='ocrx_word' id='word_1_343' title='bbox 346 2788 556 2795; x_wconf 95' lang='lat' dir='ltr'><strong> </strong></span> 
     </span>
    </p>
   </div>
   <div class='ocr_carea' id='block_1_5' title="bbox 342 2858 2069 3188">
    <p class='ocr_par' dir='ltr' id='par_1_11' title="bbox 342 2858 2059 3018">
     <span class='ocr_line' id='line_1_40' title="bbox 388 2858 2050 2909; baseline 0.004 -17"><span class='ocrx_word' id='word_1_344' title='bbox 388 2858 449 2892; x_wconf 70' lang='lat'><strong>¹⁵¹)</strong></span> <span class='ocrx_word' id='word_1_345' title='bbox 497 2860 544 2892; x_wconf 86' lang='lat' dir='ltr'><strong>De</strong></span> <span class='ocrx_word' id='word_1_346' title='bbox 576 2870 628 2902; x_wconf 87' lang='lat' dir='ltr'><strong>ep.</strong></span> <span class='ocrx_word' id='word_1_347' title='bbox 662 2860 725 2893; x_wconf 78' lang='lat'><strong>185</strong></span> <span class='ocrx_word' id='word_1_348' title='bbox 753 2861 775 2894; x_wconf 89' lang='lat' dir='ltr'>b</span> <span class='ocrx_word' id='word_1_349' title='bbox 805 2862 909 2902; x_wconf 77' lang='lat' dir='ltr'><strong>(xvl.</strong></span> <span class='ocrx_word' id='word_1_350' title='bbox 942 2862 1020 2904; x_wconf 74' lang='lat'>82),</span> <span class='ocrx_word' id='word_1_351' title='bbox 1051 2864 1146 2906; x_wconf 86' lang='lat' dir='ltr'><strong>quod</strong></span> <span class='ocrx_word' id='word_1_352' title='bbox 1177 2865 1270 2906; x_wconf 85' lang='lat' dir='ltr'><strong>apud</strong></span> <span class='ocrx_word' id='word_1_353' title='bbox 1301 2864 1509 2898; x_wconf 82' lang='lat' dir='ltr'><strong>Strabonem</strong></span> <span class='ocrx_word' id='word_1_354' title='bbox 1540 2874 1759 2907; x_wconf 77' lang='lat' dir='ltr'><strong>anonymum</strong></span> <span class='ocrx_word' id='word_1_355' title='bbox 1789 2867 1847 2897; x_wconf 71' lang='lat' dir='ltr'><strong>est</strong></span> <span class='ocrx_word' id='word_1_356' title='bbox 1873 2867 1912 2897; x_wconf 75' lang='lat' dir='ltr'><strong>et</strong></span> <span class='ocrx_word' id='word_1_357' title='bbox 1939 2863 1997 2909; x_wconf 23' lang='lat' dir='ltr'><strong>in..</strong></span> <span class='ocrx_word' id='word_1_358' title='bbox 2022 2858 2050 2902; x_wconf 53' lang='grc' dir='ltr'>Ϊ</span> 
     </span>
     <span class='ocr_line' id='line_1_41' title="bbox 343 2916 2059 2963; baseline 0.005 -16"><span class='ocrx_word' id='word_1_359' title='bbox 343 2920 442 2947; x_wconf 79' lang='lat' dir='ltr'><strong>textu</strong></span> <span class='ocrx_word' id='word_1_360' title='bbox 467 2926 487 2948; x_wconf 83' lang='lat' dir='ltr'><strong>a</strong></span> <span class='ocrx_word' id='word_1_361' title='bbox 512 2916 689 2949; x_wconf 85' lang='lat' dir='ltr'><strong>Planudeo</strong></span> <span class='ocrx_word' id='word_1_362' title='bbox 712 2918 922 2960; x_wconf 78' lang='lat' dir='ltr'><strong>discrepanti</strong></span> <span class='ocrx_word' id='word_1_363' title='bbox 948 2920 1118 2961; x_wconf 78' lang='lat' dir='ltr'><strong>traditur,</strong></span> <span class='ocrx_word' id='word_1_364' title='bbox 1145 2921 1212 2953; x_wconf 86' lang='lat' dir='ltr'><strong>vid.</strong></span> <span class='ocrx_word' id='word_1_365' title='bbox 1235 2919 1252 2961; x_wconf 70' lang='lat'>5</span> <span class='ocrx_word' id='word_1_366' title='bbox 1276 2920 1361 2961; x_wconf 76' lang='lat'><strong>114,</strong></span> <span class='ocrx_word' id='word_1_367' title='bbox 1384 2921 1427 2953; x_wconf 87' lang='lat' dir='ltr'><strong>de</strong></span> <span class='ocrx_word' id='word_1_368' title='bbox 1446 2931 1499 2963; x_wconf 87' lang='lat' dir='ltr'><strong>ep.</strong></span> <span class='ocrx_word' id='word_1_369' title='bbox 1519 2920 1607 2954; x_wconf 75' lang='lat' dir='ltr'><strong>xvi.</strong></span> <span class='ocrx_word' id='word_1_370' title='bbox 1626 2920 1711 2963; x_wconf 68' lang='lat'><strong>20⁴,</strong></span> <span class='ocrx_word' id='word_1_371' title='bbox 1733 2920 1836 2954; x_wconf 73' lang='lat' dir='ltr'><strong>cuius</strong></span> <span class='ocrx_word' id='word_1_372' title='bbox 1851 2919 1991 2962; x_wconf 63' lang='lat' dir='ltr'><strong>eaden-5</strong></span> <span class='ocrx_word' id='word_1_373' title='bbox 2049 2937 2059 2946; x_wconf 88' lang='grc'><strong>·-</strong></span> 
     </span>
     <span class='ocr_line' id='line_1_42' title="bbox 342 2972 1490 3018; baseline 0.004 -14"><span class='ocrx_word' id='word_1_374' title='bbox 342 2972 498 3004; x_wconf 75' lang='lat' dir='ltr'><strong>condicio</strong></span> <span class='ocrx_word' id='word_1_375' title='bbox 520 2977 617 3005; x_wconf 80' lang='lat' dir='ltr'><strong>extat</strong></span> <span class='ocrx_word' id='word_1_376' title='bbox 640 2975 733 3006; x_wconf 85' lang='lat' dir='ltr'><strong>inter</strong></span> <span class='ocrx_word' id='word_1_377' title='bbox 758 2975 980 3008; x_wconf 76' lang='lat' dir='ltr'><strong>Athenaeum</strong></span> <span class='ocrx_word' id='word_1_378' title='bbox 1005 2981 1041 3008; x_wconf 89' lang='lat' dir='ltr'><strong>et</strong></span> <span class='ocrx_word' id='word_1_379' title='bbox 1066 2977 1280 3018; x_wconf 80' lang='lat' dir='ltr'><strong>Planudem,</strong></span> <span class='ocrx_word' id='word_1_380' title='bbox 1306 2977 1371 3009; x_wconf 85' lang='lat' dir='ltr'><strong>vid.</strong></span> <span class='ocrx_word' id='word_1_381' title='bbox 1395 2975 1413 3018; x_wconf 67' lang='lat' dir='ltr'>S</span> <span class='ocrx_word' id='word_1_382' title='bbox 1437 2976 1490 3009; x_wconf 86' lang='lat'><strong>71.</strong></span> 
     </span>
    </p>

    <p class='ocr_par' dir='ltr' id='par_1_12' title="bbox 342 3026 2069 3188">
     <span class='ocr_line' id='line_1_43' title="bbox 388 3026 2069 3075; baseline 0.003 -14"><span class='ocrx_word' id='word_1_383' title='bbox 388 3026 449 3062; x_wconf 75' lang='lat'><strong>¹⁵2)</strong></span> <span class='ocrx_word' id='word_1_384' title='bbox 497 3029 671 3062; x_wconf 78' lang='lat' dir='ltr'><strong>l‘lanudes</strong></span> <span class='ocrx_word' id='word_1_385' title='bbox 689 3040 730 3062; x_wconf 79' lang='lat' dir='ltr'><strong>ex</strong></span> <span class='ocrx_word' id='word_1_386' title='bbox 751 3031 840 3063; x_wconf 73' lang='lat' dir='ltr'><strong>serie</strong></span> <span class='ocrx_word' id='word_1_387' title='bbox 857 3030 1059 3073; x_wconf 76' lang='lat' dir='ltr'><strong>Cephalania</strong></span> <span class='ocrx_word' id='word_1_388' title='bbox 1079 3033 1423 3066; x_wconf 69' lang='lat' dir='ltr'><strong>ariathematicorum</strong></span> <span class='ocrx_word' id='word_1_389' title='bbox 1442 3042 1519 3075; x_wconf 85' lang='lat' dir='ltr'><strong>epp.</strong></span> <span class='ocrx_word' id='word_1_390' title='bbox 1536 3031 1818 3065; x_wconf 77' lang='lat' dir='ltr'><strong>Simonidem-um</strong></span> <span class='ocrx_word' id='word_1_391' title='bbox 1835 3032 1976 3066; x_wconf 83' lang='lat' dir='ltr'><strong>nullum</strong></span> <span class='ocrx_word' id='word_1_392' title='bbox 2018 3035 2027 3042; x_wconf 68' lang='lat'><em>⁴</em></span> <span class='ocrx_word' id='word_1_393' title='bbox 2042 3035 2069 3060; x_wconf 50' lang='grc' dir='ltr'><strong>ἐι</strong></span> 
     </span>
     <span class='ocr_line' id='line_1_44' title="bbox 342 3085 1977 3131; baseline 0.004 -16"><span class='ocrx_word' id='word_1_394' title='bbox 342 3095 394 3125; x_wconf 82' lang='lat' dir='ltr'><strong>ep.</strong></span> <span class='ocrx_word' id='word_1_395' title='bbox 431 3086 559 3127; x_wconf 71' lang='lat' dir='ltr'><strong>reecpit</strong></span> <span class='ocrx_word' id='word_1_396' title='bbox 585 3085 615 3126; x_wconf 68' lang='grc' dir='ltr'><strong>(ἓ</strong></span> <span class='ocrx_word' id='word_1_397' title='bbox 639 3086 737 3127; x_wconf 82' lang='grc'>100),</span> <span class='ocrx_word' id='word_1_398' title='bbox 762 3089 887 3120; x_wconf 73' lang='lat' dir='ltr'><strong>seriem</strong></span> <span class='ocrx_word' id='word_1_399' title='bbox 915 3090 1064 3130; x_wconf 77' lang='lat' dir='ltr'><strong>priorem</strong></span> <span class='ocrx_word' id='word_1_400' title='bbox 1089 3090 1338 3131; x_wconf 63' lang='lat' dir='ltr'><strong>sepulc-nulium</strong></span> <span class='ocrx_word' id='word_1_401' title='bbox 1363 3094 1475 3122; x_wconf 78' lang='lat' dir='ltr'><strong>totam</strong></span> <span class='ocrx_word' id='word_1_402' title='bbox 1499 3090 1622 3123; x_wconf 80' lang='lat' dir='ltr'><strong>ascivit</strong></span> <span class='ocrx_word' id='word_1_403' title='bbox 1643 3089 1677 3130; x_wconf 71' lang='grc'><strong>(5</strong></span> <span class='ocrx_word' id='word_1_404' title='bbox 1700 3088 1799 3129; x_wconf 82' lang='grc'>101),</span> <span class='ocrx_word' id='word_1_405' title='bbox 1821 3098 1864 3121; x_wconf 80' lang='lat' dir='ltr'><strong>ex</strong></span> <span class='ocrx_word' id='word_1_406' title='bbox 1887 3089 1977 3122; x_wconf 61' lang='lat' dir='ltr'><strong>”rie</strong></span> 
     </span>
     <span class='ocr_line' id='line_1_45' title="bbox 344 3138 2058 3188; baseline 0.005 -18"><span class='ocrx_word' id='word_1_407' title='bbox 344 3142 548 3180; x_wconf 67' lang='lat' dir='ltr'><strong>posteriore.</strong></span> <span class='ocrx_word' id='word_1_408' title='bbox 573 3152 664 3183; x_wconf 80' lang='lat' dir='ltr'><strong>quae</strong></span> <span class='ocrx_word' id='word_1_409' title='bbox 691 3154 757 3175; x_wconf 87' lang='lat' dir='ltr'><strong>uon</strong></span> <span class='ocrx_word' id='word_1_410' title='bbox 783 3154 823 3176; x_wconf 84' lang='lat' dir='ltr'><strong>cx</strong></span> <span class='ocrx_word' id='word_1_411' title='bbox 849 3144 1023 3187; x_wconf 77' lang='lat' dir='ltr'><strong>Meleagro</strong></span> <span class='ocrx_word' id='word_1_412' title='bbox 1049 3147 1169 3187; x_wconf 80' lang='lat' dir='ltr'><strong>nuxit,</strong></span> <span class='ocrx_word' id='word_1_413' title='bbox 1193 3146 1263 3179; x_wconf 82' lang='lat' dir='ltr'><strong>alia</strong></span> <span class='ocrx_word' id='word_1_414' title='bbox 1287 3147 1406 3179; x_wconf 85' lang='lat' dir='ltr'><strong>omisit</strong></span> <span class='ocrx_word' id='word_1_415' title='bbox 1428 3147 1499 3178; x_wconf 81' lang='lat' dir='ltr'><strong>alia</strong></span> <span class='ocrx_word' id='word_1_416' title='bbox 1520 3146 1713 3188; x_wconf 49' lang='lat' dir='ltr'><strong>assumpsit</strong></span> <span class='ocrx_word' id='word_1_417' title='bbox 1734 3145 1769 3186; x_wconf 65' lang='grc'><strong>(5</strong></span> <span class='ocrx_word' id='word_1_418' title='bbox 1792 3143 1884 3187; x_wconf 81' lang='lat'><strong>102).</strong></span> <span class='ocrx_word' id='word_1_419' title='bbox 2037 3138 2058 3162; x_wconf 59' lang='lat'><strong>&#39;³&#39;</strong></span> 
     </span>
    </p>
   </div>
  </div>
 </body>
</html>
