2072 3568
913 221 936 259 5
1565 223 1590 273 ἓ
1621 224 1738 262 2—4.

104 344 344 383 ornavisset
372 344 636 394 impetravit,
669 346 717 383 ut
738 344 880 394 pietati
900 356 1002 396 erga
1023 345 1270 384 defunctum
1293 347 1477 385 amicum
1498 348 1743 387 satisfacere

104 409 184 448 sibi
212 408 534 460 permitterent’.

157 475 281 514 Hanc
309 475 622 514 conclusionem
651 476 687 514 ei
717 476 1003 525 accipiendam
1033 488 1126 515 esse
1155 477 1359 527 concedo,
1393 478 1466 527 qui
1492 490 1588 517 cum
1612 479 1741 529 Berg-

103 540 172 579 kio
200 540 431 579 arbitretur
460 541 725 579 Herodotum
758 541 1016 580 Simonidem
1046 542 1184 581 dicere
1210 542 1500 582 monumenti
1525 544 1742 593 Megistiae

102 607 330 644 auctorem.
367 605 580 644 Solvenda
605 617 706 644 vero
730 606 766 644 ei
791 606 966 645 restabit
992 607 1093 645 haec
1116 607 1330 657 quaestio,
1365 608 1468 656 quid
1490 609 1738 647 historicum

101 670 341 720 induxerit,
388 672 435 709 ut
477 671 770 710 auctoritatem
803 672 1051 724 „carminum
1098 671 1384 711 Simonideam
1427 674 1552 712 claris
1598 674 1739 712 verbis

100 735 327 774 lectoribus
355 736 535 785 prodere
563 737 872 786 supersederet.

154 801 204 839 In
235 801 493 840 narrationis
524 802 788 840 Herodoteae
815 802 974 840 fontem
1006 814 1090 840 non
1120 803 1341 851 inquisivit
1372 804 1534 853 Bergk,
1574 804 1626 842 de
1655 804 1740 843 fide

101 877 186 904 non
219 866 400 905 dubitat.

153 930 422 980 Quamquam
452 932 494 970 in
522 932 761 982 Bergkiana
786 933 1064 981 explicatione
1088 933 1227 971 inesse
1253 934 1354 971 mihi
1380 934 1578 972 videntur
1603 935 1738 973 bonae

99 996 237 1046 frugis
274 997 505 1046 quaedam,
550 998 707 1046 quibus
747 1000 892 1046 postea
932 998 1031 1036 mihi
1063 999 1269 1037 utendum
1298 999 1398 1048 erit,
1442 999 1567 1037 nimis
1596 1003 1735 1038 tamen

97 1061 280 1100 obnoxia
309 1064 372 1100 est
401 1062 726 1101 difficultatibus
755 1075 883 1111 quam
913 1065 960 1101 ut
988 1064 1126 1101 omnis
1156 1064 1399 1113 accipiatur.

154 1124 180 1177 ξ
210 1127 248 1165 4.
309 1126 348 1166 b.
410 1127 642 1177 Kriiger,
677 1140 777 1166 van
808 1128 1160 1178 Herwerden,
1194 1129 1478 1167 Tournier.
1519 1130 1736 1168 Hi·Her0-

71 1190 184 1230 *doti
211 1191 393 1231 editores
423 1204 508 1231 non
538 1193 675 1231 solum
707 1205 851 1232 vocem
881 1192 1148 1245 ἐπίγραμμα,
1187 1206 1316 1243 quam
1347 1195 1577 1244 Bergkium
1607 1195 1735 1233 elimi-

98 1256 269 1295 navisse
306 1257 512 1307 vidimus,
556 1258 629 1296 sed
665 1259 917 1297 sententiam
947 1258 1031 1304 ἔξω
1063 1259 1086 1311 ἢ
1116 1257 1161 1297 τὸ
1191 1261 1263 1298 τοῦ
1293 1258 1464 1310 μάντιος
1492 1258 1735 1310 ἐπίγραμμα

97 1323 429 1361 ῐοίεῐηοθῃεθῐιῒ
458 1323 696 1362 insiticiam.
754 1324 891 1368 Quam
922 1326 968 1362 ut
997 1324 1184 1363 delerent
1213 1336 1284 1363 eos
1313 1325 1521 1374 imprimis
1552 1325 1736 1363 movisse

97 1387 264 1426 videtur
306 1389 576 1427 accusativus
619 1391 714 1438 post
756 1389 1007 1428 adverbium
1051 1389 1135 1434 ἔξω
1180 1389 1204 1441 ἢ
1248 1390 1414 1429 insolite
1452 1402 1529 1440 pro
1565 1390 1730 1439 dativo,

96 1463 222 1502 quem
260 1454 468 1492 sententia
505 1447 740 1504 flagitaret,
784 1455 1000 1493 adhibitus
1028 1453 1078 1504 3).
1127 1455 1335 1494 Tournier
1376 1455 1496 1506 (Rev.
1539 1456 1591 1494 de
1629 1455 1729 1505 phil.

98 1517 222 1567 1886,
268 1531 308 1568 p.
342 1518 410 1569 69)
456 1522 672 1569 praeterea
716 1520 770 1558 ab
813 1520 890 1558 hoc
932 1520 1023 1558 loco
1065 1521 1245 1559 alienam
1289 1521 1409 1559 duxit
1447 1521 1733 1570 exceptionem

96 1583 313 1634 Megistiae
363 1585 707 1635 epigrammatiS,
763 1585 876 1634 quod
928 1585 1044 1624 nulla
1093 1597 1222 1624 causa
1271 1588 1499 1635 appareat,
1555 1598 1639 1635 qua
1690 1598 1734 1624 re

95 1649 332 1699 Megistiam
353 1661 402 1688 eo
422 1650 685 1699 privaverint
706 1651 866 1689 honore
887 1651 1216 1701 Amphictyones
1230 1682 1239 1700 ,
1273 1663 1358 1700 quo
1379 1653 1538 1690 ceteros
1558 1662 1706 1690 omnes
1719 1681 1728 1699 ,

94 1715 167 1764 qui
206 1715 248 1754 in
289 1716 585 1766 Thermopylis
623 1717 886 1765 ceciderunt,
929 1717 1124 1755 affecisse
1161 1717 1370 1756 dicantur.
1419 1718 1469 1756 At
1500 1729 1600 1756 vero
1630 1718 1732 1756 nihil

94 1782 260 1820 constat
280 1782 608 1832 Amphictyones
631 1782 763 1820 videri
789 1781 1034 1833 deneyasse
1056 1783 1258 1821 honorem
1283 1783 1389 1832 vati,
1424 1785 1458 1821 si
1482 1795 1566 1821 non
1589 1783 1727 1832 ipsos,

94 1846 167 1884 sed
200 1845 459 1885 Simonidem
488 1859 584 1886 eum
615 1848 802 1886 carmine
830 1859 1008 1886 ornasse
1037 1848 1381 1887 constituendum
1411 1849 1501 1886 erit.

149 1911 226 1949 His
265 1911 368 1950 viris
406 1912 540 1951 doctis
578 1912 825 1951 auctoribus
864 1924 1012 1951 omnes
1050 1913 1179 1962 igitur
1218 1914 1363 1962 cippos
1401 1913 1730 1963 Amphictyones

93 1977 288 2026 posuisse
315 1989 548 2026 omnesque
576 1978 894 2027 epigrammatis
923 1978 1146 2016 ornavisse
1175 1978 1217 2016 in
1248 1979 1388 2027 priore
1416 1980 1535 2028 parte
1565 1980 1729 2017 senten-

92 2040 174 2080 tiae
210 2042 430 2090 dicuntur;
469 2043 646 2082 alteram
685 2044 826 2082 autem
865 2044 1079 2082 continere
1118 2055 1275 2082 meram
1310 2043 1649 2082 observationem
1678 2044 1730 2082 de

96 2106 311 2146 Simonide
339 2108 557 2158 Megistiae
584 2109 902 2158 epigrammatis
931 2111 1114 2148 auctore.
1154 2109 1205 2147 At
1234 2109 1466 2158 quaeritur,
1501 2121 1602 2147 num
1633 2109 1728 2158 quis

94 2171 295 2211 Herodoti
337 2175 472 2212 aetate
513 2174 592 2212 dici
637 2174 820 2223 potuerit
862 2172 1106 2226 ἐπιγράφειν
1148 2172 1219 2212 τινὶ.
1263 2172 1528 2224 animuum,
1575 2174 1646 2223 qui
1685 2174 1726 2212 in

92 2236 270 2276 alicuius
309 2239 553 2277 memoriam
592 2240 854 2289 epigramma
893 2239 1098 2287 condidit;
1144 2239 1258 2277 unde
1297 2241 1511 2288 praeterea
1550 2241 1644 2288 post
1683 2236 1727 2277 τὸ

92 2304 164 2342 τοῦ
201 2301 372 2352 μάντιος
409 2305 659 2354 suppleatur
694 2304 946 2343 vocabulum
978 2303 1243 2355 ἐπίγραμμα,
1286 2305 1320 2342 si
1351 2305 1557 2342 sententia
1587 2303 1671 2349 ἔξω
1703 2304 1726 2355 ἢ

91 2364 137 2406 τὸ
178 2370 250 2406 τοῦ
286 2367 458 2420 μάντιος
495 2368 686 2420 ἕπίγρα
699 2383 731 2420 μ
741 2383 834 2419 μα,
883 2381 959 2418 pro
997 2369 1245 2408 emblemate
1283 2369 1485 2418 habetur,
1532 2369 1725 2418 equidem

92 2443 176 2471 non
206 2445 424 2483 assequor.

144 2498 289 2548 Neque
317 2500 460 2550 magni
489 2502 574 2549 est,
615 2500 729 2549 quod
760 2500 967 2538 Tournier
997 2500 1143 2539 scribit
1172 2501 1223 2538 de
1254 2500 1656 2549 Peloponnesiorum
1686 2503 1725 2537 et

0 2567 34 2601 ξ’
94 2561 405 2612 Spartiatarum
448 2565 803 2614 epigrammatum
843 2565 1108 2603 auctoribus:
1154 2563 1401 2603 ‘l’historien
1440 2576 1550 2603 sans
1588 2563 1727 2603 doute

91 2639 144 2668 ne
171 2630 429 2669 connaissait
459 2642 535 2680 pas
565 2631 624 2669 les
653 2633 828 2669 auteurs
858 2630 932 2669 des
962 2633 1105 2669 autres
1134 2631 1439 2680 epigrammes,
1482 2627 1536 2668 o‘u
1567 2628 1634 2668 s’il
1665 2630 1724 2668 les

7 2694 30 2741 g
89 2694 347 2733 connaissait
377 2707 430 2734 ne
457 2695 644 2734 trouvait
673 2707 813 2734 aucun
844 2696 995 2734 interet
1023 2697 1046 2733 Ξ1
1077 2696 1241 2734 donner
1270 2695 1384 2733 leurs
1416 2694 1567 2733 noms’.

144 2759 259 2799 Haec
281 2761 502 2810 explicatio
523 2760 796 2799 difficultates
820 2772 903 2799 non
927 2761 1070 2799 tollere
1093 2761 1165 2799 sed
1188 2761 1378 2810 effugere
1400 2760 1566 2798 videtur
1588 2770 1724 2808 neque

90 2824 318 2874 quicquam
347 2826 553 2875 continet,
591 2825 705 2874 quod
734 2826 787 2864 ad
817 2826 954 2864 locum
984 2826 1292 2875 expediendum
1323 2825 1423 2864 utile
1450 2837 1543 2863 esse
1573 2824 1718 2874 possit.

133 2977 164 3019 8)
212 2979 365 3022 Kriiger,
390 2990 496 3022 quein
523 2981 556 3012 in
582 2981 734 3013 editione
759 2984 902 3013 secutus
927 2985 980 3012 est
1007 2991 1069 3012 van
1098 2980 1328 3019 Herwerden,
1355 2981 1446 3012 hisco.
1466 2980 1577 3011 vorbis
1594 2980 1721 3011 ‹lesuin—

89 3034 201 3076 gitur:
226 3033 307 3074 *ἔξω
335 3060 340 3067 .
369 3061 374 3067 .
404 3060 410 3067 .
437 3060 443 3067 .
468 3033 669 3078 ἐπίγραμμα
695 3038 740 3069 ist
765 3037 855 3069 wohl
882 3047 921 3068 zu
948 3037 1143 3077 sti-eichen,
1167 3037 1353 3077 jedensuus
1378 3038 1510 3068 iniisste
1537 3038 1583 3076 τῷ
1611 3060 1616 3065 .
1645 3060 1650 3065 .
1679 3060 1684 3065 .
1714 3060 1718 3065 ,

0 3082 31 3135 ἦ
89 3086 320 3133 ἐπιγράμματι
350 3093 497 3125 stelien'.
