2072 3568
911 235 987 275 197
1480 235 1505 288 ἓ
1538 238 1636 288 114,
1671 238 1760 278 115.

34 355 63 402 ’,ἶ
131 359 208 400 630
236 357 480 411 εὐχάριστον
509 356 548 397 δ’
573 357 818 410 ἐπίγραμμα
848 359 942 409 (129
972 358 1041 410 Β.)
1074 358 1244 411 γράψας
1271 359 1295 399 ὁ
1324 358 1570 412 Σιμωνίδης

42 426 50 429 “
235 426 284 476 τῇ
313 422 438 476 στήλῃ
467 423 765 476 παρενέγραψε
792 427 946 476 νεκροῦ
976 427 1048 464 τοῦ
1078 423 1335 469 σεσωκότος·

236 486 372 534 ὀὗτος
399 488 423 528 ὁ
452 487 581 529 Κείου
610 487 864 540 Σιμωνίδεω
893 489 975 530 ἐστὶ
1003 489 1196 542 σαωτήρ,

236 553 297 598 ’ὃς
323 553 394 594 καὶ
422 553 620 598 τεθνειὼς
649 554 772 601 ζῶντι
800 554 985 607 παρέσχε
1012 553 1159 607 χάριν.’

236 615 359 664 οὗτος
386 618 411 659 ὁ
438 618 685 672 Σιμωνίδης
711 619 790 671 μὲν
819 619 862 659 ἓν
890 619 1061 672 Σικελίᾳ
1089 618 1276 672 θνῄσκει.

38 682 50 689 ’
130 684 206 724 635
235 683 478 736 ἐπίγραμμα
509 685 648 736 (Preg.
673 685 768 736 254)
799 683 845 725 δὲ
874 685 1099 738 γέγραπται
1127 684 1223 724 τόδε
1251 689 1311 737 τῴ
1339 684 1463 737 τάφῳ
1493 683 1660 724 τούτου·

41 742 48 752 ”
235 750 294 796 ’ἒξ
321 749 387 790 ε’πὶ
413 750 691 802 πεντήκοντα,
719 739 964 803 Σιμωνίδη,
993 751 1103 803 ἤραο
1131 750 1270 797 νίκας,

235 813 318 855 ’καὶ
345 815 564 867 τρίποδας·
594 815 793 869 θνῄσκεις
821 815 860 857 δ’
888 815 932 856 ἓν
961 815 1128 869 Σικελῷ
1155 815 1300 867 πεδίῳ.

235 879 388 926 (Κείοις
418 881 575 933 (Preg.,
611 896 670 934 -ῳ
698 882 839 933 codd.)
871 881 917 922 δὲ
944 870 1119 935 μνήμην
1146 881 1314 928 λείπεις,
1336 879 1503 933 εΈλλησι
1530 879 1568 920 δ’
1594 880 1764 919 ἔπαινον

235 945 467 993 ίεῗκζῖυνέτου
495 951 639 1001 ψυχῆς
667 951 743 1000 σῆς
771 946 1117 1000 ἕπιγεινομένοις.’

129 1013 459 1064 Epigrammatis
508 1014 583 1052 129
629 1014 944 1064 testimonium,
995 1014 1110 1063 quod
1157 1014 1396 1052 continetur
1441 1025 1479 1051 v.
1523 1012 1731 1052 624—634
1750 1042 1759 1060 ,

128 1079 321 1118 consulto
350 1090 435 1117 non
466 1081 633 1118 sextum
662 1079 838 1118 adiunxi
866 1079 937 1129 iis,
970 1079 1023 1118 de
1051 1079 1210 1129 quibus
1239 1078 1455 1128 disputavi
1486 1076 1511 1128 ξ
1543 1077 1615 1127 58,
1649 1077 1763 1126 quod

43 1154 46 1155 ⁷
129 1143 297 1183 Tzetzes
334 1156 421 1183 uno
457 1155 510 1183 ex
546 1144 598 1182 iis
635 1156 693 1183 sc.
733 1142 996 1184 Scholiasta
1023 1143 1092 1194 157)
1132 1144 1342 1182 Aristideo
1379 1154 1487 1181 usus
1524 1144 1588 1181 est
1626 1154 1765 1191 neque

128 1209 226 1259 plus
253 1209 457 1259 praebere
484 1210 621 1260 potuit
650 1221 778 1259 quam
809 1210 889 1248 ille.
937 1210 1110 1248 Erravit
1138 1209 1269 1259 igitur
1299 1209 1463 1258 Bergk,
1507 1219 1604 1246 cum
1633 1207 1764 1245 verbo

127 1274 467 1327 παρενέγραψε
495 1287 559 1325 ep.
581 1275 679 1325 128,
712 1275 827 1324 quod
855 1275 1011 1313 iniuria
1040 1275 1170 1313 huius
1198 1273 1516 1324 epigrammatis
1539 1272 1763 1322 gemellum

32 1336 45 1358 ³³
127 1350 222 1379 esse
248 1340 449 1390 credunt,
483 1339 635 1390 respici
665 1341 833 1390 putaret
865 1338 935 1390 (cf.
971 1338 996 1390 ξ
1028 1339 1079 1379 58
1109 1351 1150 1378 n.
1184 1338 1268 1389 24).
1322 1339 1381 1377 De
1409 1340 1527 1377 textu
1555 1338 1762 1388 epigram-

129 1405 253 1444 matis
287 1405 339 1445 cf.
433 1405 497 1445 58.

180 1470 232 1509 In
270 1470 349 1510 hac
375 1404 438 1509 {e
477 1469 707 1509 Simonidis
746 1470 933 1509 victoriis
972 1470 1038 1508 vel
1076 1470 1217 1519 potius
1255 1470 1307 1508 de
1342 1469 1558 1508 Simonide
1586 1468 1763 1507 historia

23 1550 46 1579 ζ,
128 1537 330 1575 neutrum
357 1535 702 1575 commemoravit
730 1536 992 1586 epigramma
1025 1535 1316 1574 Simonideum
1349 1534 1463 1584 (145,
1499 1532 1615 1583 147),
1648 1533 1763 1582 quod

127 1601 310 1641 celebrat
355 1603 503 1651 poetae
549 1601 781 1640 victoriam.
841 1600 1111 1650 Quamquam
1158 1600 1419 1650 epitaphium
1467 1611 1506 1637 v.
1553 1597 1763 1638 636—639

130 1665 273 1717 (Preg.
319 1665 415 1716 254)
459 1678 511 1706 ex
554 1667 624 1705 illo
666 1666 972 1716 epigrammate
1012 1666 1243 1704 formatum
1285 1667 1362 1704 est.
1422 1665 1500 1714 Ep.
1545 1663 1620 1702 147
1663 1675 1764 1701 vero

128 1731 353 1771 adducitur
408 1732 452 1770 in
507 1731 713 1782 Scholiis,
773 1731 932 1780 quibus
983 1731 1152 1769 Tzetzes
1204 1742 1358 1769 rursus
1409 1729 1609 1768 historias
1661 1739 1763 1767 suas

50 1803 51 1806 ’
127 1796 330 1836 instruxit
361 1796 519 1847 (Cram.
545 1797 622 1836 An.
647 1796 726 1836 Ox.
750 1797 832 1835 ΙΙΙ.
857 1796 954 1844 353;
985 1807 1199 1846 anonyma
1229 1797 1352 1845 sunt,
1387 1795 1461 1834 sed
1484 1794 1565 1844 ipsi
1590 1794 1764 1832 Tzetzae

127 1861 356 1912 debentur,
407 1862 460 1902 ef.
507 1863 646 1902 Gram.
694 1874 734 1912 p.
781 1860 856 1912 IV)
867 1874 877 1910 ;
926 1862 1258 1911 praemittuntur
1305 1861 1434 1899 verba
1480 1858 1550 1910 (cf.
1600 1858 1625 1910 ἓ
1672 1857 1761 1908 79);

127 1924 297 1978 λυρικὸς
344 1925 441 1978 γὰρ
490 1925 587 1978 (sic)
636 1926 700 1966 ὢν
744 1925 920 1979 ποιητὴς
966 1923 1089 1970 οὗτος
1130 1925 1154 1965 ὁ
1194 1924 1441 1977 Σιμωνίδης
1482 1924 1529 1964 ἐκ
1572 1922 1764 1975 νεότητος

127 1990 274 2044 μέχρις
310 1991 573 2045 ὀγδοήκοντα
602 1991 707 2031 ἐτῶν
735 1990 850 2031 ἐνίκα
879 1990 924 2031 ἐν
951 1994 1034 2035 τοῖς
1063 1990 1222 2043 ἀγῶσιν
1245 1989 1490 2043 Ἀθήνησιν,
1529 1988 1591 2033 ὡς
1618 1987 1689 2028 καὶ
1718 1986 1763 2027 τὸ

43 2092 45 2094 .
128 2055 371 2110 ἐπίγραμμα
410 2056 548 2110 δηλοῖ·
587 2069 674 2107 seq.
708 2069 772 2107 ep.
808 2058 903 2107 147,
945 2059 1036 2096 tum
1067 2057 1196 2096 verba
1227 2054 1330 2107 φασὶ
1357 2054 1440 2095 κτλ.
1473 2054 1499 2106 0}
1532 2055 1580 2094 79
1611 2067 1651 2093 n.
1688 2054 1763 2092 100

127 2122 312 2162 laudata.
344 2123 569 2162 Auctorem
599 2124 772 2162 Tzetzae
800 2134 894 2162 esse
925 2122 1206 2162 Scholiastam
1235 2122 1506 2171 Anonymum
1532 2121 1762 2169 Hermoge-

129 2187 304 2227 nianum
333 2189 427 2227 VII.
463 2188 563 2228 1084
594 2189 658 2227 W.
692 2200 778 2227 non
807 2190 891 2238 est,
925 2188 1040 2238 quod
1069 2199 1276 2227 moneam.
1319 2188 1378 2225 De
1406 2188 1545 2235 textu,
1579 2197 1664 2235 quo
1693 2197 1757 2235 ep.

38 2237 45 2263 ‘⁵
128 2253 242 2302 apud
271 2253 463 2292 Tzetzam
493 2254 739 2304 praebetur,
774 2254 858 2292 vid.
894 2252 919 2304 ἓ
953 2253 1001 2292 79
1031 2265 1072 2292 n.
1108 2252 1196 2292 101.

181 2317 354 2357 Tzetzae
394 2318 561 2358 Scholia
599 2319 652 2358 ad
692 2319 1002 2369 Hermogenem
1042 2318 1212 2357 metrica
1254 2316 1412 2367 (Cram.
1452 2316 1529 2354 An.
1569 2316 1647 2355 Ox.
1688 2316 1757 2353 IV.

130 2381 228 2432 119,
270 2382 338 2433 13)
377 2383 503 2422 etiam
544 2383 835 2423 Simonideum
865 2384 1102 2433 continent,
1146 2394 1203 2422 sc.
1237 2382 1414 2421 Acronis
1443 2393 1525 2431 ep.,
1567 2380 1681 2430 quod
1711 2392 1762 2418 ex

130 2447 248 2498 Diog.
273 2448 411 2487 Laert.
436 2449 614 2498 petitum
637 2450 714 2487 est.
748 2448 901 2488 Omisit
925 2449 1094 2487 Tzetzes
1119 2447 1387 2487 traditionem
1416 2446 1468 2496 S,
1501 2458 1611 2495 quae
1635 2445 1762 2483 tradi-

28 2483 47 2553 Δ,
129 2511 231 2551 tioni
259 2513 294 2551 A
321 2514 436 2563 apud
468 2514 695 2564 Diogenem
724 2514 923 2553 adiuncta
946 2515 1011 2553 est
1037 2513 1107 2564 (cf.
1130 2512 1155 2564 ξ
1180 2512 1262 2563 75).
1298 2513 1518 2551 Praeterea
1542 2510 1623 2549 vid.
1647 2509 1671 2561 ἓ
1694 2510 1757 2548 80.

183 2578 319 2617 Unius
361 2579 534 2618 Tzetzae
575 2579 815 2618 testimonio
858 2579 999 2630 Bergk
1042 2579 1151 2617 inter
1192 2578 1498 2627 epigrammata
1543 2575 1624 2625 (ep.
1668 2573 1760 2624 177)

130 2643 284 2693 recepit
306 2643 416 2683 duos
440 2645 731 2695 hexametros,
759 2656 867 2694 quos
894 2656 946 2697 ne
967 2645 1136 2683 Tzetzes
1161 2643 1331 2692 quidem
1358 2654 1435 2691 pro
1459 2642 1763 2691 epigrammate

28 2691 59 2750 ⁴7-
131 2706 234 2758 (πού
276 2723 404 2760 φησιν
444 2708 640 2761 ᾄσματι
682 2707 945 2760 Σιμωνίδης)
986 2709 1112 2748 habet
1150 2708 1308 2758 quique
1345 2706 1546 2757 anonymi
1586 2705 1763 2743 redeunt

130 2774 243 2822 apud
281 2773 390 2813 Plut.
429 2774 482 2813 de
518 2775 609 2814 coh.
642 2775 692 2813 ir.
725 2774 803 2814 456
831 2786 853 2813 c
890 2773 960 2825 (cf.
996 2773 1022 2825 ξ
1053 2772 1137 2823 51).
1186 2773 1405 2822 Leguntur
1434 2772 1477 2809 in
1507 2770 1682 2809 historia
1712 2770 1763 2807 de

130 2836 301 2888 Marsya
344 2838 450 2879 Chil.
493 2839 527 2878 Ῑ.
569 2839 631 2879 15.
670 2839 747 2878 372
787 2851 880 2889 sqq.
926 2838 1166 2878 Auctoritas
1202 2839 1343 2876 autem
1384 2836 1625 2875 Simonidea
1665 2835 1762 2873 fieta

175 2990 237 3033 ¹⁵7)
283 2993 428 3034 Saepius
451 3003 532 3026 cum
557 2994 649 3035 apud
675 2993 762 3025 ulios
787 2992 999 3034 Byzantinos
1022 2995 1099 3023 tum
1125 2991 1214 3032 apud
1240 2991 1399 3022 Tzetzam
1425 2990 1483 3030 (cf.
1507 2990 1587 3021 (ΙΙιν.
1609 2990 1763 3030 Ilm-der,

131 3048 173 3081 de
203 3048 346 3081 loannis
376 3049 519 3082 Tzetzae
554 3049 786 3081 Historiarum
822 3049 978 3081 sontibus
1009 3048 1234 3090 quaestiones
1257 3048 1423 3087 selectae,
1456 3047 1536 3078 diss.
1564 3046 1649 3077 Kiel.
1675 3044 1762 3077 188ss

132 3114 160 3146 1¹·
185 3103 222 3147 2)
245 3105 438 3138 laudantur
459 3105 662 3147 scriptores,
689 3105 746 3137 ubi
770 3104 909 3137 Scholia
932 3105 973 3136 ad
1000 3105 1076 3136 illos
1102 3103 1277 3135 laudanda
1299 3107 1410 3135 erant.
