2072 3568
353 280 453 328 Cap.
490 279 545 318 ll.
1142 277 1194 317 42

351 403 500 443 deduci
541 403 685 453 nequit
723 404 821 443 talia
858 404 1166 454 epigrammata
1205 414 1227 442 a
1266 403 1619 454 descriptore
1655 403 1775 455 ipso
1811 402 1856 443 in
1894 402 1991 456 Syl·

351 469 471 519 logon
510 480 605 507 esse
642 468 777 518 illata,
821 468 977 508 nedum
1015 468 1154 508 dicere
1192 468 1311 508 liceat
1349 470 1479 507 totam
1520 466 1722 519 Syllogen
1750 467 1809 508 mi
1836 466 1992 509 debore

349 534 569 583 originem.
604 534 775 573 Minime
803 534 933 584 igitur
962 533 1054 573 luce
1082 533 1239 573 clarius
1267 536 1331 572 est
1362 532 1507 584 (‘zeigt
1533 531 1657 574 recht
1676 530 1893 575 Μῆδον
1913 531 1990 584 R.)

351 600 642 648 collectorem,
667 602 714 638 ut
733 599 1039 650 epigrammata
1060 598 1302 639 Simonidea
1323 598 1611 649 conquireret,
1635 598 1798 650 lapides
1815 597 1986 640 adilane.
2013 642 2017 646 ,

2053 553 2072 638 3

350 667 619 714 Quamquam
658 665 788 715 igitur
825 667 865 703 et
901 667 1012 704 recte
1039 664 1310 704 contendisse
1339 675 1420 703 wc.
1453 664 1555 703 mihi
1586 663 1755 704 videtur
1781 663 1988 716 uterum,
2050 668 2072 715 24:

350 731 462 780 quod
501 730 663 780 attulit,
705 730 966 781 epigramma
1009 730 1084 770 105
1121 730 1250 781 lapidi
1284 730 1538 781 inscriptum
1568 730 1703 770 luisse
1730 729 1836 781 (qua
1862 729 1918 771 de
1942 741 1992 772 re

351 796 433 835 vid.
467 796 537 835 alt.
572 796 612 835 h.
646 807 796 835 comm.
830 795 986 846 part.),
1018 798 1059 835 et
1089 798 1199 835 recte
1226 795 1387 835 dixisse
1416 797 1631 846 receptum
1659 794 1796 836 fuisse
1820 794 1866 836 ln
1895 794 1991 848 syl·
2059 795 2072 838 ’ῗ

349 862 470 911 logen
513 860 798 901 Simonideam
841 861 911 912 (ci.
947 860 1006 912 ἓξ
1040 860 1138 910 101,
1182 860 1302 911 103),
1345 860 1460 900 haud
1498 860 1615 900 licuit
1650 860 1689 900 ei
1717 859 1989 902 concludere:

353 926 444 966 ‘das
489 926 752 977 Eindringen
796 926 905 966 auch
948 926 1087 966 dieses
1131 926 1428 977 Epigrammes
1470 926 1512 965 in
1554 926 1624 966 die
1665 925 1992 967 simonideische
2061 918 2072 970 Ῑῗ

351 991 605 1042 Sammlung
646 991 819 1032 erlclt‘z'rt
858 990 953 1032 sich
998 990 1157 1042 leiclzt,
1204 1003 1325 1031 wenn
1369 991 1554 1031 dieselbe
1594 992 1739 1042 spaten-
1779 1002 1865 1032 νου
1905 990 1989 1033 den
2067 1043 2072 1066 .-

351 1057 632 1096 Denkmiilern
669 1060 1121 1108 zusammengetragen
1152 1056 1238 1096 ist’.

401 1123 589 1162 Tertium
628 1125 929 1173 argumentum
959 1123 1106 1173 petivit
1133 1134 1185 1162 ex
1214 1134 1279 1173 ep.
1317 1122 1404 1162 188.
1437 1122 1561 1168 Quod
1590 1121 1708 1173 apud
1735 1121 1989 1174 Hephaesti-
2058 1123 2072 1158 f

346 1200 470 1227 onem
502 1188 572 1238 (cf.
609 1188 634 1240 ξ
665 1187 735 1238 54)
778 1187 983 1227 Simonidi
1014 1187 1267 1227 attributum
1299 1188 1363 1227 vel
1395 1187 1488 1227 ideo
1515 1198 1540 1227 a
1570 1187 1655 1227 Ceo
1681 1188 1748 1228 est
1774 1186 1986 1239 alienum,

347 1253 459 1302 quod
503 1253 816 1292 Aristodemum
861 1254 1033 1303 Eleum,
1080 1253 1203 1293 cuius
1242 1253 1442 1293 victorias
1478 1252 1743 1303 epigramma
1779 1251 1987 1304 celebrat,
2069 1284 2072 1285 γ

348 1318 500 1357 vicisse
546 1321 711 1358 constat
758 1319 822 1358 Ol.
869 1318 920 1358 98
965 1319 1035 1369 (=
1076 1331 1114 1358 a.
1161 1318 1273 1369 388).
1338 1318 1412 1358 ‘Es
1454 1318 1571 1358 hatte
1611 1318 1708 1357 dem
1750 1317 1985 1370 Sammler,
2070 1327 2072 1330 '

348 1383 531 1423 'welelzer
550 1395 613 1423 an
633 1383 865 1424 derselben
880 1383 1018 1424 Stella
1032 1383 1147 1424 noch
1163 1383 1335 1425 andere
1352 1381 1690 1425 “Simoniden”
1705 1394 1989 1425 zusammen·
2069 1368 2072 1425 ff

345 1447 520 1498 suc-late,
562 1449 643 1488 den
683 1449 904 1488 Eindruck
942 1449 1128 1488 hoheren
1167 1449 1305 1488 Alters
1342 1448 1539 1500 gemacht
1575 1448 1666 1488 und
1699 1448 1800 1489 kam
1832 1448 1989 1490 darum
2069 1468 2070 1471 ¹

348 1525 398 1552 zu
438 1514 588 1564 irgend
625 1515 740 1553 einer
771 1515 860 1554 Zeit
889 1514 931 1553 in
961 1514 1029 1553 die
1060 1513 1347 1565 Sammlung.’
1392 1514 1567 1554 Temere
1594 1514 1675 1554 hoc
1701 1524 1876 1565 quoque
1899 1513 1988 1566 epi-

347 1591 539 1629 gramma
585 1580 853 1619 Simonideae
894 1579 1092 1631 Syllogae
1128 1582 1390 1619 accensetur.
1439 1579 1523 1619 Sed
1552 1579 1620 1619 fac
1648 1601 1699 1607 -
1726 1578 1844 1631 quod
1869 1578 1989 1631 equi·
2070 1608 2072 1642 3

345 1644 439 1683 dem
485 1645 721 1695 praefracte
764 1657 872 1696 nego
915 1644 986 1695 (cf.
1035 1644 1061 1697 ξ
1105 1645 1175 1695 96)
1219 1667 1272 1672 -
1313 1657 1378 1695 ep.
1424 1645 1655 1695 aliquando
1695 1645 1740 1684 in
1784 1644 1987 1698 Syllossen

348 1712 561 1760 receptum
590 1722 706 1761 esse,
745 1722 798 1749 ne
825 1713 916 1749 tum
945 1710 1117 1760 quidem
1146 1711 1376 1760 quicquam
1406 1710 1578 1761 probari
1607 1721 1740 1761 supra
1767 1709 1853 1751 iam
1882 1709 1988 1751 vidi-

346 1786 455 1814 mus.
502 1775 669 1815 Accedit
710 1778 852 1815 autem
896 1778 1232 1826 peropportune,
1278 1776 1392 1826 quod
1430 1778 1574 1816 textus
1611 1776 1743 1815 huius
1775 1775 1988 1828 epigram-
2019 1781 2031 1792 '
2070 1786 2072 1788 ·

345 1840 492 1890 matis,
535 1841 674 1890 qualis
703 1841 818 1891 apud
847 1841 1204 1891 Hephaestionem
1234 1842 1476 1892 praebetur,
1508 1853 1560 1880 ex
1589 1841 1730 1892 lapide
1755 1840 1987 1894 propagari

344 1906 518 1944 omnino
560 1918 644 1945 non
688 1906 836 1956 potuit.
884 1906 973 1945 Elei
1014 1907 1127 1945 enim
1169 1919 1194 1946 a
1232 1907 1345 1946 ludis
1384 1906 1600 1946 Isthmicis
1635 1906 1798 1947 exclusi
1834 1907 1982 1959 eraut,
2063 1906 2072 1947 s

346 1971 443 2010 vicit
471 1971 764 2011 Aristodemus
794 1972 981 2022 Pythicis
1012 1972 1083 2023 (cf.
1119 1972 1146 2023 ἓ
1176 1972 1262 2022 54).

398 2036 544 2086 Neque
576 2036 718 2075 minus
747 2036 884 2075 debile
911 2039 1213 2087 argumentum
1245 2037 1570 2076 Reitzensteinio
1598 2035 1887 2087 suppeditavit
1912 2046 1997 2088 ep„
2068 2068 2072 2076 ,

344 2101 426 2140 AP.
460 2101 554 2140 VII.
587 2102 665 2140 508
705 2102 747 2151 (a
787 2102 971 2152 Bergkio
1008 2102 1118 2141 inter
1150 2102 1392 2141 Simonides
1423 2114 1508 2141 non
1538 2104 1780 2153 receptum,
1818 2102 1885 2142 eat
1909 2112 1981 2153 ap.

347 2165 476 2206 Schn.
522 2178 561 2216 p.
608 2166 708 2216 223,
756 2167 878 2217 Preg.
925 2166 995 2217 40)
1039 2167 1082 2206 in
1127 2167 1386 2207 Pausaniam
1428 2167 1665 2218 medicum,
1710 2166 1828 2218 quod
1867 2166 1985 2219 apud
2066 2199 2072 2226 ·:

346 2231 463 2282 Diog.
507 2232 644 2271 Laert.
676 2232 795 2271 VIII.
837 2232 888 2271 60
926 2232 1131 2271 tribuitur
1168 2233 1435 2283 Empedocli,
1476 2233 1519 2271 in
1558 2233 1642 2272 AP.
1674 2234 1817 2273 autem
1846 2230 1985 2273 Simo-

344 2296 430 2335 nidi
475 2296 649 2347 (Bergk.
692 2297 772 2336 vol.
816 2297 879 2336 11⁴
918 2309 957 2347 p.
991 2297 1103 2347 260).
1151 2298 1259 2338 Cum
1299 2299 1390 2337 viro
1428 2298 1477 2337 cl.
1521 2300 1685 2338 constet
1719 2298 1984 2350 epigramma
2043 2306 2046 2307 ’

344 2373 491 2401 revera
520 2362 654 2401 fuisse
681 2363 996 2423 inscriptionem
1031 2363 1166 2413 (⁴vom
1198 2363 1315 2403 Stein
1346 2365 1519 2402 stammt
1547 2363 1643 2402 VII.
1675 2362 1755 2403 508
1780 2361 1980 2414 sidae'),
2058 2390 2072 2400 .

344 2429 463 2476 putat
502 2428 702 2478 Diogenis
739 2430 953 2467 auctorem
992 2440 1056 2478 ep.
1099 2440 1364 2479 anonymum
1403 2429 1647 2479 Empedocli
1675 2430 1822 2479 utpote
1849 2427 1984 2469 Sient·

343 2494 437 2530 otae
473 2492 696 2543 tribuisse,
739 2493 1009 2533 collectorem
1049 2496 1190 2533 autem
1232 2494 1462 2543 Simonidi,
1503 2494 1663 2544 quippe
1697 2493 1772 2544 qui
1805 2493 1851 2534 in
1883 2492 1983 2534 nula

346 2556 542 2595 Hieronis
581 2561 867 2597 commoratus
904 2570 998 2597 esse
1026 2559 1235 2598 tradatur.
1282 2559 1493 2604 Quoniam
1523 2559 1654 2610 vulgo
1682 2558 1849 2610 neglegi
1875 2558 1984 2600 solet
2070 2585 2072 2589 -

343 2621 450 2660 inter
470 2622 711 2662 Simonides
730 2623 1005 2673 epigramma,
1026 2625 1189 2663 monuit
1206 2624 1487 2663 Reitzenstein
1504 2624 1545 2662 id
1563 2625 1606 2663 in
1622 2624 1705 2663 AP.
1724 2635 1811 2664 non
1825 2626 1985 2664 temen

345 2687 484 2725 vocari
525 2686 778 2736 Simonidis,
823 2699 920 2726 cum
958 2688 1139 2727 alterum
1176 2700 1348 2738 quoque
1386 2688 1654 2739 Empedoclis
1691 2689 1979 2740 epigramma,

342 2751 456 2800 quod
485 2751 599 2801 apud
630 2752 857 2802 Diogenem
886 2754 1162 2803 consequitur
1191 2754 1308 2792 VIII.
1342 2754 1415 2803 65,
1453 2753 1609 2792 ibidem
1637 2754 1693 2793 ab
1721 2753 1816 2793 aliis
1845 2752 1981 2794 Simo-

344 2816 429 2854 nidi
459 2816 691 2856 adiudicari
720 2817 885 2857 dicatur
903 2817 954 2867 8).
994 2818 1171 2858 Etiamsi
1201 2821 1342 2857 autem
1371 2821 1523 2858 cuncta
1553 2821 1664 2858 recte
1691 2818 1982 2860 constituisset

344 2893 451 2930 v.c.,
498 2894 583 2921 non
621 2882 955 2922 demonstrasset
993 2883 1254 2934 epigramma
1292 2895 1316 2922 a
1356 2884 1586 2923 Collectore
1622 2884 1716 2934 ipso
1753 2884 1806 2924 de
1841 2882 1990 2935 lapide·
2067 2887 2072 2898 ⁵

341 2946 600 2995 descriptum
642 2958 748 2986 esse.
798 2947 842 2986 Si
887 2959 987 2987 vero
1029 2948 1349 2999 epigrammatis
1390 2951 1553 2988 textum
1594 2949 1711 2999 apud
1748 2952 1981 3000 utrumque

342 3014 556 3050 auctorem
594 3015 904 3063 comparasset,
945 3013 1241 3064 Anthologiam
1281 3016 1443 3053 textum
1481 3014 1685 3064 praebere
1712 3014 1980 3054 animadver-

387 3149 416 3177 ⁸)
463 3148 566 3179 Schn.
593 3159 622 3189 p.
647 3148 731 3190 ⁸224,
757 3149 869 3191 Bergk
897 3148 953 3181 11⁸.
975 3148 1053 3182 260.
1094 3149 1163 3182 Hoc
1186 3159 1239 3190 ep.
1262 3149 1370 3181 etiam
1394 3150 1486 3191 apud
1514 3150 1702 3191 Preger-um
1725 3151 1835 3183 deest.
