2072 3568
927 212 977 259 63
1539 220 1564 275 g
1595 222 1667 274 32,
1701 219 1764 264 33.

188 339 296 385 Gum
319 339 451 395 igitur
474 339 708 383 viderimus
733 341 890 383 Timaei
915 356 963 384 ac
988 344 1117 385 fontis
1142 344 1178 384 X
1201 345 1378 386 eandem
1404 345 1539 388 fuisse
1563 349 1768 389 rationem

184 409 334 458 terque
374 409 487 448 enim
529 409 648 448 iuxta
691 409 913 459 Ephorum
957 411 1022 450 vel
1064 412 1383 462 Theopompum
1426 415 1692 454 traditionem
1739 415 1766 455 S

76 472 368 527 gambuit),
414 475 531 514 nulla
573 476 712 524 potest
752 477 897 515 extare
937 476 1166 527 dubitatio,
1213 478 1317 527 quin
1355 479 1604 519 Timaeus
1642 481 1768 520 fuerit

69 524 112 577 ‚²²⁹2
116 539 230 579 flfons
266 539 335 578 ille
371 540 428 589 X,
470 551 556 589 quo
594 540 744 579 nititur
783 541 1062 592 Plutarchus,
1105 543 1194 581 sive
1228 544 1572 583 constituendum
1602 546 1768 585 videtur

68 601 409 659 ‘³414Plutarchum
437 604 580 654 ipsum
609 605 780 644 Timaeo
808 617 935 644 usum
965 618 1060 646 esse
1089 629 1140 634 —
1167 608 1235 646 cui
1259 609 1446 658 opinioni
1472 610 1575 648 nihil
1598 611 1768 650 obstare

132 669 372 720 putaverim
411 691 484 719 ——‚
530 669 622 708 sive
658 681 734 719 per
770 670 950 709 aliorum
987 683 1143 710 manus
1181 672 1272 711 eius
1311 674 1501 713 notitiam
1540 675 1767 715 Plutarcho

10 736 11 745 ³
132 734 380 775 innotuisse.

8 842 10 849 τ
67 793 81 810 ”
185 798 414 845 Quaeritur
434 812 569 850 nunc,
593 812 646 839 ex
666 812 752 850 quo
773 801 975 851 qualique
994 802 1103 841 libro
1126 803 1318 852 petiverit
1340 804 1538 844 Timaeus
1559 806 1766 856 epigram-

8 858 10 881 *
133 864 257 905 matis
293 865 562 905 traditionem
603 865 647 905 S.
699 865 833 916 Quid,
875 867 989 915 quod
1026 868 1140 906 illius
1178 868 1336 907 fontem
1375 870 1508 908 fuisse
1545 883 1766 910 censemus

65 918 98 987 71}
135 929 395 987 Syllogen
435 930 824 981 Simonideam,
866 943 977 980 quae
1013 934 1076 971 est
1114 945 1162 972 ea
1200 934 1384 972 collectio
1412 935 1765 984 epigrammatum

6 1008 9 1012 ·
67 986 87 1046 ss
130 996 255 1036 antea
282 1007 619 1046 anonymorum,
651 1007 762 1045 quae
793 996 1024 1036 Simonidis
1053 998 1303 1037 auctoritate
1331 999 1533 1049 insignita
1561 1000 1682 1040 erat?
1714 1002 1764 1040 In

66 1062 101 1099 ρζ..
127 1070 181 1106 ἀι
202 1061 344 1100 textus
368 1073 539 1111 quoque
562 1061 882 1111 epigrammatis
907 1064 1097 1102 mutatus
1122 1064 1292 1103 extabat
1316 1066 1444 1114 atque
1464 1077 1515 1104 ex
1536 1078 1583 1105 ea
1606 1079 1763 1106 novum

68 1115 92 1171 J}
129 1124 295 1167 donarii
323 1138 461 1177 genus
489 1126 776 1175 acquisiverat
805 1127 1017 1167 Timaeus.
1069 1127 1280 1168 Timaeus
1307 1129 1439 1179 igitur
1468 1130 1648 1180 scriptor
1675 1134 1760 1181 est,

130 1190 246 1241 quali
274 1191 397 1230 nobis
424 1203 534 1241 opus
562 1203 657 1231 esse
684 1192 871 1231 diximus
903 1191 950 1244 (ξ
980 1192 1049 1243 24)
1081 1194 1135 1232 ad
1163 1194 1391 1233 terminum
1421 1196 1763 1235 constituendum

86 1261 98 1309 ἰρ
131 1255 240 1297 ante
274 1263 401 1306 quem
442 1256 613 1307 Sylloge
652 1257 895 1297 Simonidea
925 1259 1176 1298 concinnata
1204 1271 1298 1298 esse
1328 1260 1554 1300 videretur.
1588 1262 1762 1301 Librum

71 1317 310 1377 ‘'gs-Timaei,
351 1334 478 1372 quem
515 1323 626 1362 inter
663 1322 825 1372 primos
863 1323 997 1362 fuisse
1035 1324 1220 1363 sciamus
1258 1347 1309 1351 ——
1343 1325 1472 1364 tradit
1500 1327 1611 1365 enim
1642 1328 1763 1366 Athe·

71 1396 264 1439 &naeus
304 1399 402 1428 eum
440 1388 575 1428 fuisse
613 1389 839 1441 septimum
868 1388 921 1440 38)
961 1411 1035 1440 -,
1081 1390 1191 1429 circa
1229 1402 1391 1429 annum
1430 1391 1508 1430 300
1546 1392 1611 1430 vel
1649 1392 1762 1431 haud

79 1440 263 1508 53J multo
290 1455 386 1503 post
414 1453 703 1503 conscriptum
731 1465 826 1492 esse
854 1454 934 1493 rati
964 1466 988 1493 a
1019 1466 1119 1493 vero
1149 1467 1233 1494 non
1263 1455 1531 1495 aberravisse
1553 1457 1759 1496 videmur.

75 1507 333 1574 ‘j-sssyuogen
364 1517 650 1558 Simonideam
679 1519 810 1569 igitur
836 1520 918 1558 iam
945 1518 1084 1559 initio
1109 1519 1282 1559 saeculi
1305 1519 1432 1560 tertii
1454 1521 1587 1560 fuisse
1611 1523 1763 1561 consti-

81 1583 248 1633 {tuere
274 1594 519 1634 possumus.

185 1645 212 1700 ξ
241 1647 305 1688 33.
366 1647 434 1689 De
470 1647 825 1701 epiyrammatis
859 1650 948 1690 137
978 1651 1132 1690 forma
1161 1649 1205 1690 S.
1267 1652 1598 1701 Epigrammatis
1628 1653 1762 1691 nostri

74 1713 270 1758 <stemus
302 1715 587 1754 constituendi
616 1715 724 1755 ratio
752 1727 838 1755 non
867 1727 915 1755 ea
945 1716 1076 1766 igitur
1103 1718 1189 1766 est,
1231 1718 1278 1755 ut
1306 1717 1666 1766 interpretationis
1695 1719 1762 1757 via

67 1777 357 1830 genuinam
385 1780 674 1830 adipiscamur
702 1781 906 1831 formam,
945 1782 1019 1821 sed
1048 1783 1096 1820 ut
1124 1781 1222 1820 inde
1250 1782 1304 1821 ab
1333 1782 1451 1820 initio
1478 1782 1587 1821 duas
1615 1783 1762 1822 distin-

73 1839 311 1899 ,J-'guamus
333 1840 604 1896 traditiones,
638 1846 812 1885 alteram
839 1846 1121 1896 antiquiorem
1145 1845 1240 1897 (A),
1272 1859 1382 1896 quae
1404 1847 1569 1897 integra
1595 1850 1762 1887 servata

7 1952 10 1959 Δ
67 1898 192 1948 *event
218 1920 271 1948 ex
298 1910 570 1961 Theopompo
597 1911 642 1950 in
674 1911 843 1951 Scholio
872 1912 1119 1962 Pindarico,
1153 1913 1328 1951 alteram
1359 1913 1630 1952 recentiorem
1664 1913 1758 1963 (S),

7 1963 11 2013 ἑ
66 1971 258 2027 squam
285 1975 404 2015 iuxta
431 1977 466 2015 A
494 1977 727 2016 adhibitam
755 1977 1000 2016 invenimus
1029 1978 1144 2027 apud
1166 1977 1428 2016 Athenaeum
1450 1981 1578 2026 atque
1599 1978 1762 2016 Plutar-

128 2038 268 2080 ohum.
301 2041 524 2081 Reicienda
547 2042 678 2092 igitur
701 2044 766 2081 est
789 2054 837 2082 ea
862 2044 1004 2082 textus
1029 2042 1237 2081 tractandi
1264 2042 1393 2092 ratio,
1427 2053 1557 2091 quam
1581 2043 1760 2091 amplexi

129 2106 230 2144 sunt
266 2106 347 2145 viri
383 2106 494 2146 docti
531 2119 700 2158 omnes,
742 2110 790 2147 ut
827 2119 879 2146 ex
913 2107 1113 2157 omnibus
1143 2107 1444 2157 varietatibus,
1487 2119 1595 2156 quas
1625 2107 1760 2146 diver-

88 2195 106 2228 χ
128 2179 272 2211 aarum
318 2172 594 2213 traditionum
640 2184 735 2212 esse
781 2173 976 2223 proprias
1023 2173 1235 2222 vidimus,
1287 2184 1417 2211 unam
1462 2175 1761 2222 componerent

4 2363 7 2385 ῑ
66 2347 232 2406 ’'w-,susum
254 2369 331 2395 esse
355 2365 531 2404 putemus.
575 2361 665 2396 Cum
689 2366 810 2396 autem
834 2363 1034 2395 stemmatis
1057 2363 1256 2395 ‹lelineandi
1281 2373 1388 2395 causa
1411 2360 1444 2402 (S
1468 2362 1526 2399 36)
1551 2362 1644 2404 optio
1669 2367 1761 2395 esset

4 2420 7 2435 ²
68 2407 109 2420 ²
129 2415 303 2460 finienda,
326 2418 363 2451 in
386 2428 427 2451 eo
451 2419 695 2461 accipiendum
720 2429 795 2452 esse
820 2419 969 2452 iudicavi
995 2419 1259 2461 Theopompum
1284 2419 1417 2451 Timaei
1439 2419 1548 2451 fuisse
1568 2422 1759 2451 auctorem.

82 2467 283 2516 3·;:uterque
317 2474 410 2508 enim
449 2485 560 2508 unum
596 2479 736 2508 tantum
773 2486 813 2508 ex
850 2476 1009 2518 quinque
1040 2475 1305 2518 epigrammatis
1336 2475 1568 2507 Corinthiacis
1600 2474 1760 2506 laudasse.

128 2527 275 2563 videtur.
309 2529 465 2565 Get-tiore
489 2536 700 2574 argumento
726 2536 925 2573 uteremur,
950 2534 977 2564 si
1002 2537 1179 2565 constaret
1202 2532 1377 2573 duplicem
1403 2531 1445 2563 (le
1472 2530 1616 2563 Veneris
1638 2531 1759 2571 templi

75 2585 260 2638 origine
290 2586 444 2621 fabulam
476 2598 496 2621 a
526 2588 749 2631 Theopompo
783 2589 948 2630 E'phoieis
982 2588 1094 2621 verbis
1125 2598 1201 2621 esse
1232 2589 1459 2628 adiunctam,
1491 2587 1608 2629 ‘quam
1633 2588 1758 2629 apponi

86 2647 197 2693 WB
229 2642 375 2677 dedecet
406 2643 636 2687 Theopompi
655 2642 883 2687 φιλομυθίαν
917 2644 1168 2685 <Wilamowitz
1199 2644 1330 2677 Comm.
1367 2654 1397 2686 p
1421 2643 1442 2674 3
1475 2647 1508 2675 h.
1534 2643 1579 2683 1).
1614 2643 1648 2675 Si
1681 2644 1760 2685 quis

202 2708 236 2732 ιι·
250 2698 426 2742 Ephorum
443 2710 520 2733 esse
537 2704 746 2743 usurpatum
765 2711 785 2733 a
801 2701 943 2734 Timaeo
959 2702 1116 2743 accipere
1133 2701 1253 2742 malit,
1277 2700 1440 2743 equidem
1461 2710 1528 2732 non
1549 2699 1758 2741 iepiignabn.

78 2743 111 2799 Γ
148 2716 218 2796 38)
261 2754 439 2798 Septimus
474 2756 563 2790 liber
596 2758 764 2790 nimirum
803 2757 890 2790 liber
923 2757 1095 2799 septimus
1131 2760 1194 2789 est.
1231 2757 1326 2795 Quoi
1361 2756 1436 2789 dico
1470 2760 1608 2797 [iv-optes
1637 2766 1756 2787 (oium

78 2810 102 2858 ’,ἦ
127 2814 345 2854 commenta,
383 2812 445 2855 qui
484 2813 518 2845 in
553 2813 686 2846 Timaei
726 2813 895 2846 librorum
939 2813 1095 2846 numeris
1129 2813 1216 2845 dnos
1252 2812 1392 2845 ordines
1425 2812 1577 2844 diversos
1612 2812 1757 2843 inveniri

76 2868 348 2909 enataverunt
378 2868 476 2907 Quae
500 2874 687 2912 postquam
711 2870 853 2912 explosa
875 2873 959 2902 sunt
983 2880 1002 2901 a
1030 2869 1189 2902 Beiochin
1217 2869 1329 2901 Fleuit.
1354 2869 1404 2901 Jb.
1430 2868 1504 2901 123.
1530 2868 1609 2900 1881
1641 2879 1669 2909 p.
1694 2867 1757 2899 (307

75 2912 222 2966 “J-mt,
243 2923 359 2958 denuo
381 2930 602 2958 emerserunt
625 2926 660 2959 in
686 2926 808 2959 eodem
833 2926 943 2958 diario
966 2924 1041 2958 137.
1067 2924 1153 2957 1888
1179 2936 1208 2966 p.
1222 2924 1287 2957 815
1310 2935 1383 2966 sqq.
1410 2925 1460 2956 (is.
1487 2925 1547 2966 qni
1574 2925 1758 2956 novissimo

60 2976 171 3023 J'de
201 2978 333 3014 Timaei
366 2982 479 3023 operis
512 2982 715 3016 oeconomia
748 2982 940 3024 disputavit
975 2982 1151 3014 Schwartz
1185 2981 1299 3014 Herm.
1332 2981 1385 3013 534.
1421 2980 1504 3012 189⁴.»
1534 2991 1561 3021 p.
1587 2980 1644 3011 481
1682 2991 1756 3021 sqq.

7 3059 8 3062 η
78 3021 178 3069 slve
205 3033 337 3070 Timaei
370 3037 467 3071 libris
493 3039 616 3080 primis
639 3038 730 3071 cinea
752 3048 887 3071 annum
912 3037 978 3069 300
1004 3037 1131 3079 publici
1159 3038 1244 3070 iuris
1270 3038 1368 3069 saetis
1392 3037 1434 3069 cs.
1460 3037 1635 3068 Sus-emilii
1662 3037 1756 3069 Alex.

1 3121 2 3124 ,
68 3086 208 3139 Lm
232 3091 256 3126 l.
279 3091 345 3126 566
367 3098 404 3127 et
425 3091 491 3128 274
515 3105 548 3128 n.
573 3094 634 3137 ⁴28,
659 3094 836 3128 Schwartz
861 3096 906 3128 Ι.Ι.
934 3104 963 3136 p.
988 3093 1062 3127 48⁶2.
