2072 3568
768 795 1085 840 CAPUT
1148 796 1232 840 IV.

613 937 671 974 DE‘
692 937 766 974 VIA
792 936 846 975 Ao
872 937 1053 974 RATIONE
1080 937 1362 976 OOLLEOTORIS.

230 1073 255 1126 ξ
293 1075 382 1115 133.
449 1074 577 1124 Quae
611 1087 709 1127 epp.
752 1075 803 1115 in
841 1074 1027 1127 Sylloye
1064 1073 1253 1114 affuisse
1290 1074 1548 1115 videantur.
1609 1077 1811 1117 Testimo-
1884 1127 1889 1133 ἱ

173 1139 343 1179 niorum
393 1140 689 1190 inquisitione,
745 1153 875 1190 quam
924 1141 968 1179 in
1020 1140 1156 1189 capite
1205 1141 1472 1189 praecedenti
1522 1141 1806 1193 instituimus,

175 1203 374 1256 triyinta
410 1206 635 1256 quattuor
671 1218 765 1256 epp.
807 1206 995 1245 indicare
1033 1205 1274 1255 potuimus,
1317 1217 1426 1254 quae
1455 1218 1479 1244 a
1510 1206 1738 1246 Collectore
1766 1207 1809 1246 in

176 1270 377 1320 Syllogen
409 1270 696 1310 Simonideam
726 1273 894 1320 recepta
921 1271 1056 1309 fuisse
1080 1272 1242 1310 certum
1264 1271 1329 1309 vel
1349 1271 1567 1320 probabile
1585 1273 1661 1310 est.
1699 1272 1810 1311 Sunt

172 1347 266 1385 epp.
308 1336 430 1375 haec:
470 1348 535 1386 ep.
578 1336 629 1375 89
661 1335 707 1388 (ξ
740 1335 860 1387 129),
902 1336 951 1376 91
986 1335 1032 1387 (ξ
1066 1334 1185 1386 101),
1227 1336 1278 1374 92
1310 1335 1356 1387 (ἕ
1388 1336 1439 1375 43
1469 1348 1560 1386 sq.,
1607 1336 1724 1387 101),
1759 1337 1808 1377 94

174 1399 222 1452 (ἓ
251 1401 325 1452 44,
367 1400 486 1451 129),
519 1402 571 1441 96
602 1401 649 1453 (ἓ
680 1402 753 1452 53’,
789 1401 908 1452 101),
941 1402 992 1441 97
1025 1400 1071 1452 (ἓ
1104 1400 1223 1451 101),
1257 1401 1308 1440 98
1340 1400 1386 1452 (ξ
1417 1400 1511 1452 53),
1545 1402 1595 1441 99
1627 1401 1673 1453 (ξ
1707 1403 1805 1452 101,

175 1465 291 1516 125),
335 1466 411 1508 100
451 1465 498 1518 (ξ
540 1467 638 1517 101,
683 1467 802 1517 125),
846 1467 916 1506 101
953 1466 999 1518 (ἕ
1031 1465 1124 1517 57),
1170 1466 1244 1505 102
1276 1465 1322 1517 (ᾗ
1356 1465 1476 1516 128),
1520 1467 1595 1506 105
1627 1466 1805 1518 (5101,

174 1530 284 1582 127),
320 1532 394 1571 107
425 1531 471 1583 (ξ
498 1531 584 1582 40),
620 1532 695 1571 108
727 1531 773 1584 (ξ
802 1532 900 1582 101,
935 1530 1044 1582 129),
1080 1531 1153 1570 111
1187 1530 1233 1582 (ξ
1260 1532 1335 1581 42,
1371 1531 1480 1581 127),
1516 1532 1591 1571 112
1623 1531 1669 1583 (ξ
1696 1532 1805 1582 128),

174 1595 249 1636 129
281 1595 328 1647 (ξ
359 1597 423 1647 58,
458 1596 565 1647 104),
601 1597 673 1636 131
708 1596 754 1648 (ἓ
786 1595 871 1647 54),
907 1597 981 1636 134
1014 1596 1060 1647 (ξ
1093 1595 1202 1646 100),
1237 1596 1312 1635 137
1344 1595 1390 1647 (ξ
1422 1595 1506 1646 32),
1542 1596 1618 1636 138
1650 1596 1696 1648 (ἓ
1719 1595 1804 1647 43),

173 1662 250 1701 140
280 1661 327 1713 (ἓ
357 1661 451 1712 50),
487 1662 560 1701 141
589 1660 636 1714 (ξ
660 1663 731 1712 76,
767 1661 885 1713 100),
922 1662 996 1700 142
1020 1660 1066 1713 (ξ
1089 1661 1183 1712 60),
1219 1662 1294 1700 145
1317 1660 1363 1712 (ξ
1388 1660 1506 1711 100),
1543 1662 1618 1700 147
1641 1661 1688 1713 (ἓ
1710 1661 1804 1712 91),

173 1727 249 1767 149
281 1726 327 1778 (§
359 1726 449 1778 77),
485 1727 561 1767 160
593 1726 639 1778 (ξ
670 1727 740 1777 51,
775 1726 865 1777 78),
901 1727 976 1766 163
1009 1726 1055 1778 (ἓ
1086 1725 1170 1777 37),
1202 1726 1278 1766 166
1310 1725 1356 1777 (ξ
1389 1725 1472 1777 77),
1508 1726 1583 1765 168
1615 1725 1660 1777 (ξ
1695 1725 1804 1777 100),

173 1792 248 1832 169
280 1791 327 1844 (ξ
359 1792 451 1843 70),
484 1794 612 1842 atque
639 1793 726 1832 duo
754 1805 848 1843 epp.
878 1792 1156 1842 Empedoclea
1176 1793 1229 1831 fr.
1255 1791 1354 1842 156,
1390 1791 1465 1831 157
1487 1792 1535 1830 D.
1559 1792 1602 1830 in
1624 1791 1808 1831 medicos

173 1857 427 1897 Pausaniam
459 1860 587 1907 atque
614 1858 844 1908 Acronem,
878 1869 988 1908 quae
1017 1857 1131 1907 apud
1161 1857 1394 1907 Bergkium
1423 1857 1533 1896 inter
1565 1856 1807 1896 Simoniden

171 1934 257 1962 non
285 1923 488 1974 leguntur
519 1921 569 1974 (ξ
599 1921 682 1974 75).

150 2037 154 2043 ,
225 1988 290 2026 Ex
318 1988 385 2027 his
413 1999 507 2038 epp.
536 1988 735 2027 novimus
766 1988 815 2028 19
843 1989 888 2027 in
913 1989 1095 2037 utraque
1118 1987 1344 2027 traditione
1370 1986 1440 2038 (cf.
1468 1985 1494 2038 ξ
1523 1986 1599 2026 136
1624 1986 1732 2037 sq.);
1763 1987 1806 2025 in

170 2053 373 2092 alterutra
405 2053 476 2103 15,
514 2065 571 2093 sc.
601 2053 643 2092 in
673 2054 782 2093 trad.
815 2053 843 2093 S
875 2053 924 2093 13
954 2054 1020 2092 vel
1050 2053 1118 2103 14,
1151 2053 1195 2091 in
1224 2052 1333 2091 trad.
1363 2052 1395 2090 A
1425 2051 1519 2091 duo
1549 2052 1614 2090 vel
1642 2063 1802 2091 unum.

170 2117 290 2163 Quae
316 2130 411 2168 epp.
439 2130 527 2158 una
555 2120 723 2158 tantum
752 2118 979 2158 traditione
1007 2119 1175 2173 servata
1206 2119 1329 2166 sunt,
1362 2129 1410 2156 ea
1434 2117 1488 2156 ad
1509 2129 1643 2155 unum
1664 2117 1806 2155 omnia

169 2183 351 2222 inveniri
379 2184 667 2233 expectaveris
687 2184 731 2222 in
751 2184 859 2223 trad.
888 2183 937 2234 S,
970 2184 1014 2222 in
1035 2195 1120 2233 qua
1144 2183 1374 2222 Simonidis
1395 2183 1566 2222 nomine
1585 2183 1805 2221 instruun-

170 2250 262 2299 tur,
304 2260 390 2298 quo
427 2249 659 2288 trahuntur
696 2249 808 2288 intra
846 2248 1157 2298 disquisitionis
1187 2250 1358 2287 nostrae
1386 2248 1508 2287 fines.
1557 2248 1634 2297 Ep.
1665 2250 1805 2286 autem

172 2313 269 2364 111,
303 2314 416 2363 quod
445 2314 529 2353 iam
559 2316 657 2353 ante
685 2314 958 2354 Collectorem
990 2313 1220 2353 Simonidis
1250 2313 1420 2351 nomine
1449 2312 1662 2363 gaudebat
1691 2313 1804 2362 apud

169 2378 433 2418 Aristotelem
468 2379 669 2428 quodque
702 2391 754 2418 ex
788 2391 837 2418 eo
865 2380 908 2418 in
942 2378 1142 2429 Syllogen
1172 2380 1386 2428 receptum
1416 2389 1510 2417 esse
1537 2389 1586 2416 eo
1615 2379 1800 2427 constat,

169 2444 284 2493 quod
321 2444 467 2483 eodem
504 2444 595 2483 loco
633 2445 755 2484 nisus
794 2444 999 2484 Collector
1036 2455 1100 2494 ep.
1145 2443 1220 2483 163
1261 2443 1467 2482 Simonidi
1502 2442 1700 2492 ascripsit
1731 2441 1800 2492 (cf.

172 2507 198 2559 ἓ
237 2507 331 2559 37),
372 2509 415 2548 in
453 2510 561 2549 trad.
603 2509 632 2549 S
671 2521 757 2549 non
795 2510 879 2549 iam
918 2509 1140 2559 reperitur.
1187 2509 1333 2558 Neque
1370 2510 1531 2547 certum
1569 2510 1632 2547 est
1668 2508 1800 2558 epigr.

170 2574 387 2624 Megistiae
423 2574 496 2625 94,
538 2575 652 2624 quod
682 2575 797 2626 apud
827 2575 1090 2614 Herodotum
1121 2586 1217 2613 cum
1251 2573 1480 2613 Simonidis
1511 2573 1681 2612 nomine
1708 2585 1804 2612 con-

168 2638 361 2678 iunctum
397 2641 462 2679 est
499 2641 560 2690 et,
603 2640 712 2680 sicut
750 2642 886 2680 cetera
923 2640 1009 2694 duo
1047 2639 1423 2689 Thermopylensia
1458 2650 1551 2688 epp.
1580 2638 1627 2678 91
1660 2640 1699 2677 et
1728 2638 1800 2687 92,

170 2704 316 2754 procul
344 2704 475 2744 dubio
501 2705 545 2744 in
578 2705 749 2756 Sylloge
777 2705 969 2755 extabat,
1003 2705 1046 2743 in
1076 2705 1201 2743 Anth.
1228 2705 1314 2743 Pai.
1335 2704 1429 2743 VII.
1455 2703 1532 2742 677
1556 2715 1606 2742 ex
1636 2703 1806 2753 Sylloge

169 2771 452 2820 propagatum
493 2770 593 2821 legi;
638 2771 730 2810 fieri
773 2771 885 2810 enim
928 2781 1055 2820 posse
1096 2769 1281 2808 vidimus
1326 2767 1373 2819 (ξ
1417 2768 1468 2807 82
1511 2780 1552 2806 n.
1597 2767 1711 2817 102),
1758 2770 1805 2806 ut

168 2845 233 2884 ep.
271 2845 323 2873 ex
359 2834 453 2885 ipso
490 2835 707 2875 Herodoto
744 2847 768 2875 a
804 2834 989 2885 Cephala
1018 2834 1269 2874 arcessitum
1299 2833 1366 2872 sit.
1415 2833 1633 2882 Suspicari
1663 2833 1803 2870 autem

169 2897 262 2938 licet
289 2898 439 2940 adesse
466 2899 510 2939 in
539 2901 795 2950 scriptorum
825 2912 849 2940 a
870 2899 1099 2940 Collectore
1118 2898 1405 2938 adhibitorum
1428 2897 1616 2946 reliquiis
1637 2898 1804 2946 praeter

170 2962 273 3003 haec
299 2963 386 3003 duo
412 2976 506 3015 epp.
535 2965 616 3004 alia
638 2973 738 3016 epp.
766 2965 810 3004 in
839 2965 948 3004 trad.
978 2964 1032 3014 A,
1072 2975 1204 3013 quae,
1237 2974 1497 3012 quamquam
1528 2962 1570 3000 in
1604 2961 1802 3011 Syllogcn

170 3030 358 3079 recepta,
394 3029 438 3068 in
467 3030 558 3069 eius
587 3030 776 3079 reliquiis
808 3030 851 3080 (i.
880 3041 915 3068 e.
946 3029 988 3067 in
1017 3029 1109 3067 eius
1137 3027 1345 3077 excerptis
1374 3028 1502 3075 atque
1530 3026 1643 3076 apud
1674 3026 1803 3075 scrip-

168 3094 305 3143 tores,
347 3094 420 3143 qui
457 3094 549 3144 ipsa
588 3094 692 3144 Syll.
732 3094 796 3133 vel
825 3094 907 3132 illis
937 3094 1003 3132 usi
1033 3092 1152 3143 sunt)
1186 3104 1269 3131 non
1300 3092 1483 3141 amplius
1511 3093 1800 3141 compareant;
