2072 3568
902 218 977 259 155
1630 218 1655 270 g
1686 219 1750 259 91.

118 345 198 388 ‘153
216 344 410 395 excripsi.
440 344 491 382 In
511 345 694 393 utroque
712 343 1035 394 epigrammate,
1061 344 1292 383 dummodo
1312 345 1422 383 recte
1441 344 1751 394 interpreteris,

120 411 174 452 de
207 410 366 450 Gratiis
403 409 666 449 monumenti
702 410 865 448 auctori
902 409 1091 448 favorem
1130 409 1458 448 testificantibus
1497 421 1636 448 sermo
1673 411 1750 448 est.

120 475 451 526 Epigrammatis
489 474 625 514 nostri
664 472 752 525 (VI.
784 474 859 512 144
898 491 950 506 =
987 473 1103 525 213*)
1133 474 1522 524 interpretationem
1551 474 1754 513 debemus

79 579 90 582 ,
122 540 341 582 wilhelmo
377 552 417 590 p.
446 539 544 579 231:
588 538 645 577 ‘in
674 538 1013 578 iibertrefflicher
1045 539 1320 578 Schlichtheit
1349 541 1444 589 sagt
1473 539 1550 577 das
1579 539 1755 578 Gedicht

66 608 88 657 ’7
124 603 218 645 “als
245 605 302 644 du
331 604 428 643 dem
457 604 637 643 Hermes
669 602 878 643 Stroibos'
913 603 1029 643 Sohn
1061 604 1289 643 Leokrates
1318 604 1408 642 dies
1438 604 1602 642 Bildnis
1631 603 1755 642 weih-

62 687 82 711 ;
120 671 220 720 test,
266 669 447 709 dachten
489 669 586 708 dein
627 669 695 707 die
733 667 968 726 Chariten''
1009 669 1098 707 und
1137 670 1232 719 sagt
1269 669 1401 707 damit
1437 669 1539 707 alles
1577 680 1664 707 was
1702 680 1754 707 zu

8 821 12 839 ·,
57 809 77 820 ²
118 801 214 841 dem
251 801 318 840 die
349 800 561 849 Weihung
589 799 682 849 gilt;
722 798 823 839 und
852 797 928 839 die
955 797 1218 838 Zuversicht
1246 797 1364 838 wird
1393 797 1753 849 ausqesproclzen
1807 832 1812 836 .

63 858 67 909 ἶ
121 865 224 906 dem
266 863 428 906 Stifter
465 863 580 904 solle
621 863 702 904 der
739 862 879 903 Danlc
920 862 999 903 des
1040 862 1197 903 Gottes
1239 863 1339 903 und
1377 863 1458 903 der
1494 862 1591 902 ihm
1627 875 1755 914 καρο-

64 923 82 973 {³
118 930 298 973 stentem
330 929 547 972 Chariten
575 928 703 969 nicht
729 928 907 969 fehlen'.
941 929 1217 979 Epigramma
1245 931 1385 968 autem
1415 930 1485 968 VI.
1518 929 1596 967 212
1625 929 1755 967 maxi-

119 1008 232 1037 mam
255 998 420 1047 partem
443 995 686 1045 expeditum
710 996 839 1044 atque
862 997 1010 1034 contra
1037 996 1227 1033 virorum
1248 995 1470 1033 doctorum
1492 994 1755 1033 coniecturas

118 1062 341 1103 defensum
381 1063 446 1101 est
488 1072 513 1100 a
550 1060 866 1099 Wilamowitzio
909 1071 949 1110 p.
979 1059 1062 1099 ’318
1104 1071 1145 1098 n.
1181 1060 1223 1099 1:
1273 1059 1427 1109 ‘Kyton
1465 1060 1590 1098 weiht
1627 1061 1755 1098 etwas

67 1131 94 1181 gg
120 1126 215 1168 dem
250 1128 428 1178 Apollon
464 1127 539 1166 auf
566 1126 662 1166 dem
691 1126 857 1164 Markte
884 1125 927 1164 in
957 1125 1138 1164 Korinth
1170 1155 1177 1163 .
1213 1155 1221 1163 .
1259 1155 1267 1163 .
1303 1155 1311 1163 .
1345 1136 1433 1164 was
1462 1125 1586 1163 weiht
1616 1125 1755 1174 Kyton

120 1192 209 1233 und
244 1204 330 1232 wer
365 1193 420 1231 ist
457 1202 503 1230 es
540 1191 616 1230 der
652 1190 727 1229 ihn
757 1191 943 1229 anreden
974 1189 1124 1229 kann?
1171 1191 1254 1228 Das
1284 1189 1388 1228 wird
1417 1189 1609 1228 dadurch
1639 1189 1751 1237 klar,

119 1257 222 1299 dass
257 1257 395 1297 dieser
433 1255 613 1297 δέσποτα
651 1268 704 1294 zu
738 1256 826 1294 ihm
856 1257 963 1306 sagt.
1014 1255 1071 1294 So
1101 1255 1217 1294 redet
1245 1255 1313 1294 ein
1347 1254 1508 1294 Sclave.
1554 1254 1654 1293 Also
1683 1254 1756 1293 hat

121 1322 261 1374 Kyton
288 1323 385 1362 dem
412 1322 591 1372 Apollon
620 1321 698 1360 das
728 1321 823 1360 Bild
851 1321 966 1360 eines
999 1321 1177 1360 Sclaven
1207 1319 1414 1371 geweiht'.
1449 1320 1565 1358 Haec
1583 1320 1751 1369 optime.

120 1387 302 1428 Alterius
331 1399 432 1427 vero
460 1387 629 1426 distichi
657 1387 880 1437 explicatio
907 1386 1010 1425 mihi
1040 1397 1125 1425 non
1155 1397 1334 1435 prorsus
1364 1385 1588 1424 satisfacit:
1630 1384 1755 1423 ‘dem-

122 1452 267 1493 selben
286 1452 426 1492 haben
446 1452 514 1492 die
532 1452 853 1491 korinthischen
873 1452 1041 1502 Biirger
1061 1451 1150 1490 und
1171 1451 1389 1490 Metoeken
1409 1451 1544 1489 durch
1566 1451 1752 1500 Kranze,

75 1511 188 1568 {gilio
227 1518 288 1558 sie
327 1518 416 1557 ihm
459 1518 611 1557 votiert
654 1518 793 1556 haben
831 1517 953 1556 ihren
993 1517 1115 1556 Dank
1152 1517 1516 1567 ausgesprochen:
1561 1515 1757 1567 ἐτίμησαν

121 1581 305 1624 ἐπαίνων
349 1582 544 1635 χρυσέοις
589 1581 810 1634 στεφάνοις
825 1611 834 1627 ,
881 1581 946 1621 ἵνα
994 1581 1183 1633 φαίνοιτο
1230 1580 1254 1620 ὁ
1302 1580 1438 1633 δῆμος
1487 1579 1550 1631 (τὸ
1593 1578 1754 1630 κοινὸν)

121 1645 290 1700 χάριτας
326 1646 557 1693 ἀποδιδοὺς
594 1651 678 1692 τοῖς
707 1646 802 1699 περὶ
831 1645 959 1687 αὐτὸν
987 1645 1219 1699 φιλοτίμοις
1247 1646 1567 1699 γεγενημένοις’.
1614 1647 1756 1685 Huius

70 1730 86 1749 ι
121 1714 263 1753 autem
297 1713 610 1763 paraphrascos
639 1713 892 1752 sententiam
921 1713 1128 1751 extricare
1156 1723 1241 1751 non
1271 1723 1447 1761 possum
1475 1724 1527 1751 ex
1556 1712 1757 1751 carminis

64 1774 85 1817 ’ζ
121 1778 263 1818 verbis
300 1778 435 1818 hisce:
474 1776 559 1818 ὑπὸ
597 1777 745 1824 ξείνων
782 1791 823 1817 τε
860 1775 931 1817 καὶ
969 1777 1012 1816 οἳ
1044 1776 1205 1817 ναίουσι
1234 1775 1452 1828 Κόρινθον
1477 1777 1482 1828 Ι
1507 1775 1624 1817 αἶνον
1653 1777 1758 1829 ἔχεις

71 1859 100 1897 ;7;,
117 1841 303 1896 χαρίτων
331 1845 414 1888 τοῖς
442 1841 674 1895 στεφάνοις.
709 1843 918 1892 Equidem
947 1843 991 1881 in
1020 1843 1100 1882 hac
1129 1843 1338 1882 sententia
1367 1843 1635 1892 explananda
1660 1855 1756 1882 cum

82 1942 85 1944 .
107 1906 256 1949 ‘littera
293 1909 529 1949 maiuscula
567 1908 811 1958 scripserim
850 1905 1051 1958 Χαρίτων
1079 1907 1148 1958 125)
1189 1909 1317 1957 atque
1356 1907 1611 1947 vocabulum
1640 1905 1757 1947 αἶνον

64 1986 95 2031 4·
121 1970 331 2013 iunxerim
373 1976 414 2013 et
456 1985 554 2014 cum
596 1974 739 2013 verbis
781 1971 866 2013 ὑπὸ
909 1972 1043 2019 ξένων
1084 1987 1125 2012 τε
1167 1971 1238 2012 καὶ
1277 1971 1460 2012 πολιτῶν
1499 1972 1569 2023 (cf.
1609 1971 1634 2024 ἡ
1673 1970 1756 2011 ὑπὸ

121 2036 291 2079 πάντων
330 2037 426 2091 τιμὴ
470 2040 574 2078 Xen.
617 2039 716 2090 Cyr.
759 2037 841 2078 ΙΙΙ.
884 2038 922 2077 3.
965 2037 1008 2089 2)
1048 2041 1088 2077 et
1126 2050 1223 2077 cum
1262 2035 1480 2089 Χαρίτων;
1524 2037 1757 2076 locutiones

69 2104 91 2137 f.
121 2101 227 2157 ἔχεις
261 2101 379 2144 αἶνον
415 2101 500 2144 ὑπὸ
537 2125 590 2131 -
625 2102 808 2143 πολιτῶν
845 2107 973 2153 atque
1007 2102 1113 2155 ἔχεις
1141 2101 1258 2142 αἶνον
1287 2100 1487 2153 Χαρίτων
1515 2114 1564 2141 eo
1592 2102 1757 2141 facilius

121 2167 166 2209 in
199 2181 330 2209 unam
358 2170 592 2210 coalescere
620 2171 873 2219 potuerunt,
916 2180 1002 2218 quo
1030 2169 1166 2219 magis
1196 2170 1318 2218 poeta
1348 2165 1418 2207 τὸν
1446 2169 1530 2206 τῶν
1558 2165 1758 2218 Χαρίτων

122 2230 239 2274 αἶνον
275 2235 549 2275 manifestum
587 2235 747 2274 factum
785 2246 880 2273 esse
916 2234 1055 2273 dicere
1092 2234 1225 2272 voluit
1257 2236 1316 2285 τῷ
1344 2235 1427 2272 τῶν
1457 2231 1591 2278 ξένων
1619 2246 1659 2272 τε
1687 2231 1758 2271 καὶ

97 2325 106 2330 a
121 2295 302 2339 πολιτῶν
329 2297 455 2351 αἴνῳ;
491 2299 696 2349 ‘Gratiae,
729 2311 825 2338 cum
855 2299 969 2338 cives
999 2299 1296 2349 peregrinique
1324 2299 1399 2337 tibi
1423 2298 1590 2337 coronis
1615 2299 1757 2348 grates

123 2365 295 2415 'agerent
336 2375 414 2414 pro
454 2364 632 2404 donario
675 2364 855 2414 Apollini
898 2364 1115 2413 dedicato,
1162 2363 1410 2402 testificatae
1452 2364 1553 2401 sunt
1596 2374 1642 2401 se
1683 2362 1757 2400 tibi

121 2429 304 2479 tuaeque
330 2430 581 2469 dedicationi
609 2430 801 2469 faventes
831 2427 1039 2468 affuisse'.
1081 2428 1242 2468 Servus
1271 2428 1402 2478 igitur
1431 2428 1635 2478 Cytonem
1666 2439 1757 2477 pre-

71 2495 94 2528 '2
123 2494 210 2534 cari
249 2494 366 2534 iubet
409 2494 453 2546 (i.
485 2507 520 2534 e.
564 2495 671 2545 Cyto
713 2496 911 2545 precatur
953 2493 1086 2544 ipse),
1132 2496 1179 2533 ut
1217 2493 1363 2543 Apollo
1405 2504 1539 2542 aeque
1578 2492 1758 2542 propitio

74 2558 102 2599 ἔὲξ
122 2558 264 2607 animo
292 2560 405 2599 servi
434 2560 710 2600 simulacrum
740 2560 783 2599 in
813 2560 906 2599 foro
935 2560 1119 2610 positum
1150 2559 1338 2608 accipere
1367 2558 1465 2597 velit
1489 2570 1537 2597 ac
1562 2558 1753 2606 Gratiae,

89 2634 306 2676 {quarum
348 2625 470 2664 iussu
513 2626 627 2665 cives
669 2637 869 2665 coronam
913 2625 993 2675 ipsi
1035 2625 1287 2673 obtulerint,
1335 2623 1399 2662 vel
1442 2625 1488 2662 ut
1528 2621 1759 2662 Leocratis

80 2688 439 2747 ,ξφίςταωῐηαῐίε
484 2692 582 2730 utar
629 2690 798 2730 verbis:
846 2687 893 2728 K
898 2688 1036 2729 ύτο)ν
1082 2687 1169 2728 τόδ’
1212 2678 1379 2740 ἄγαλμᾶ
1422 2685 1505 2727 εὖτ’
1543 2686 1758 2739 ἀνέθηκας

53 2767 55 2769 ’
78 2745 368 2813 ςΪἊπόλλωνι,
396 2752 681 2806 καλλικόμους
709 2753 789 2794 οὐκ
818 2753 968 2799 ἔλαθες
996 2752 1195 2805 Χάριτας.

159 2818 347 2859 Nullum
376 2820 460 2860 iam
488 2820 639 2870 opinor
667 2820 782 2870 apud
810 2821 987 2860 lectores
1015 2821 1159 2859 extare
1187 2819 1388 2868 dubium,
1431 2818 1533 2867 quin
1570 2816 1759 2868 Cytonis

75 2894 84 2916 ῑ
124 2882 384 2935 epigramma
410 2884 499 2935 (VI.
523 2884 619 2935 212)
646 2885 774 2925 fuerit
797 2897 886 2935 ep.‚
920 2885 986 2924 cui
1012 2886 1185 2935 propter
1209 2886 1509 2934 argumentum
1535 2883 1756 2932 repetitum

0 2994 12 3001 x
72 2945 332 3000 isseleager
369 2949 638 2990 subiunxerit
675 2962 740 3000 ep.
775 2948 1008 2990 Leocratis
1047 2949 1136 2999 (VI.
1169 2947 1306 2998 213*);
1346 2948 1460 2997 quod
1496 2948 1647 2986 deinde
1675 2947 1757 2985 iam

80 3078 99 3110 'ss
169 3082 232 3127 η5)
276 3086 327 3120 Cf.
353 3087 490 3129 Bergkii
512 3088 714 3121 coniectura
737 3085 951 3129 Χαρίτων
973 3084 1090 3118 ἕσπετ’
1110 3085 1187 3122 dm:
1210 3082 1405 3127 στεφάνοις.

120 738 251 786 &agen
290 746 392 774 war.
440 735 523 773 Der
563 734 710 774 Stifter
745 734 801 773 ist
838 735 1050 784 genannt,
1098 734 1188 772 sein
1226 734 1353 772 Vater
1391 734 1479 772 und
1518 734 1594 772 der
1631 733 1751 783 Gott,
1823 759 1825 762 .
