2072 3568
333 255 433 304 Cap.
469 251 534 292 III
547 283 557 302 ,
591 253 655 292 32.
1109 252 1188 292 218

332 380 410 418 tica
453 378 527 417 102
564 380 692 428 atque
734 377 806 417 103
843 377 1019 417 eandem
1058 377 1250 418 obtinere
1286 378 1515 428 rationem,
1555 389 1686 429 quam
1722 378 1835 420 inter
1867 389 1965 431 epp.

331 443 707 494 'rhermopylensia
754 443 806 482 99
852 446 981 493 atque
1028 443 1121 482 VIl.
1167 443 1246 483 242
1292 446 1332 483 et
1375 454 1470 494 epp.
1514 442 1848 495 Eurymedontis
1891 443 1969 487 1⁰⁶

330 511 458 558 atque
490 509 564 547 106
591 511 736 548 extare
763 508 1022 559 apparuerit.

385 575 543 613 Versus
585 577 767 624 quartus
810 574 1114 624 interpretibus
1157 585 1356 624 magnam
1400 574 1562 625 peperit
1604 573 1860 616 molestiam:
1901 573 1969 616 ba

330 654 380 691 oq
391 639 443 679 ι’σι
480 639 540 692 μὴ
579 638 807 692 καθέλητιιι
850 640 856 690 Ι
891 637 1038 683 Ἑλλὰς
1066 637 1369 692 ἀποφθιμένου
1397 637 1553 691 κρατὸς
1580 637 1833 692 ἐλευθερίαν.
1875 638 1969 682 ΡΙ·-

332 706 466 744 nudes
497 706 643 744 ultima
675 705 803 744 verba
834 705 1006 755 praebet
1035 703 1348 756 ἀποφθιμένοις
1375 703 1531 756 κάρτος
1558 702 1819 757 ἐλευθερίας,
1857 715 1972 757 qino

330 774 403 809 aut
446 770 683 821 recipienda
727 774 879 810 cuncta
921 773 995 810 aut
1037 770 1246 810 reicienda
1288 782 1383 810 esse
1422 770 1572 810 eluoet.
1618 769 1830 817 Quoniam
1867 772 1969 823 apt·

330 837 537 875 sententia
580 848 631 875 ex
674 836 725 875 iis
766 836 964 876 extricari
1006 836 1174 886 nequit,
1220 847 1317 875 cum
1363 835 1546 887 Bergkio
1588 835 1864 877 statuendum
1902 838 1970 877 eut

332 902 564 940 Planudem
594 913 673 940 suo
702 904 858 951 marte,
900 913 1011 951 quae
1040 913 1124 941 non
1154 901 1434 952 intellegeret,
1473 902 1664 941 mutasse
1691 900 1764 954 (ei.
1794 899 1823 954 fi
1852 899 1965 953 ΠΒ).

332 967 623 1006 Schneidewin
668 979 707 1017 p.
752 967 827 1007 158
868 968 989 1006 docte
1030 967 1368 1006 coniunctionem
1411 965 1475 1006 ἵνα
1519 978 1628 1017 non,
1673 966 1790 1018 quod
1825 966 1971 1018 quivis

330 1033 467 1082 primo
508 1033 660 1071 obtutu
704 1032 837 1082 dicat,
883 1045 907 1072 a
951 1030 1151 1084 ῥυόμενοι
1194 1032 1379 1083 pendere
1419 1031 1654 1071 arbitratus
1692 1022 1782 1082 est,
1826 1031 1903 1072 sed
1941 1041 1969 1073 ι

327 1096 617 1149 μνησώμεθαε
657 1097 915 1137 ‘memoriam
946 1099 1225 1148 Tegeatarum
1256 1097 1581 1137 instaurandam
1609 1096 1710 1138 dicit
1737 1099 1883 1148 poeta,
1914 1107 1971 1137 ne

329 1163 503 1202 Graecia
547 1175 570 1202 a
613 1164 749 1214 capite
790 1163 1089 1203 defunctorum
1127 1163 1307 1213 deripiat
1345 1163 1603 1213 libertatem,
1645 1162 1687 1203 h.
1719 1174 1756 1203 e.
1788 1173 1845 1203 ne
1867 1173 1965 1213 eon,

329 1230 555 1278 postquam
600 1229 942 1268 Lacedaemoniis
985 1228 1327 1278 succubuerunt,
1375 1230 1594 1278 tamquam
1632 1228 1800 1268 servilis
1836 1227 1969 1270 anim

329 1294 522 1333 homines
565 1294 811 1344 patriaeque
852 1295 1090 1334 incuriosos
1129 1293 1373 1344 proculcet’.
1420 1294 1471 1333 In
1501 1305 1587 1344 qua
1617 1293 1814 1334 versione
1839 1314 1893 1323 -
1920 1294 1972 1334 ut

330 1359 407 1397 hoe
453 1361 620 1398 tantum
663 1360 812 1399 vitium
855 1360 1034 1399 indicem
1077 1381 1130 1388 —
1173 1371 1258 1399 non
1302 1359 1464 1399 reddita
1508 1362 1573 1399 est
1615 1359 1807 1400 Palatina
1846 1358 1969 1400 lectio

329 1422 650 1475 ἀποφθιμένου,
679 1425 753 1464 sed
777 1426 1016 1475 Planudea,
1045 1437 1175 1475 quam
1201 1425 1292 1475 ipse
1315 1436 1355 1464 ν.
1379 1425 1429 1464 cl.
1454 1424 1615 1475 reiecit,
1643 1422 1968 1477 ἀποφθιμένοις.

330 1490 471 1540 Bergk
513 1491 798 1530 coniecturam
840 1491 1062 1541 temptavit
1104 1489 1403 1542 ἀποφθιμένηε
1446 1489 1606 1540 ‘poetas
1633 1489 1734 1530 dicit
1761 1489 1968 1541 Tegeates

328 1555 491 1594 fortiter
530 1556 792 1606 pugnavisse
828 1568 907 1607 pro
945 1556 1052 1595 urbe
1087 1568 1189 1606 sua,
1233 1559 1279 1595 ut
1316 1556 1556 1595 communis
1593 1556 1756 1607 patriae
1786 1555 1966 1596 salutem

328 1622 569 1660 tuerentur:
609 1622 784 1662 Graecia
822 1622 934 1661 enim
973 1622 1149 1661 subacta
1189 1634 1235 1661 se
1270 1633 1443 1671 quoque
1474 1621 1640 1661 hostilis
1666 1619 1968 1661 dominationis

329 1686 443 1725 haud
473 1687 563 1726 iore
590 1690 785 1737 expertes
813 1686 1127 1727 intellexerunt'
1146 1686 1230 1738 167).
1264 1687 1411 1736 Neque
1438 1689 1581 1726 tamen
1609 1687 1690 1727 hac
1712 1697 1852 1737 neque
1872 1685 1968 1726 altis

329 1751 451 1790 nobis
488 1764 599 1802 opus
627 1753 706 1791 erit
735 1753 989 1792 coniecturis
1020 1751 1112 1804 (ἀπ’
1137 1751 1319 1804 ἰφθίμου
1346 1752 1530 1802 Jacobs,
1561 1749 1706 1796 mdc?
1737 1749 1964 1803 suctu),

329 1817 363 1855 si
407 1818 474 1856 hic
511 1830 683 1868 quoque
719 1819 1023 1868 agnoverimus
1061 1818 1337 1857 imitationem
1374 1817 1695 1868 epigrammatis
1734 1815 1970 1858 simonidei

329 1893 386 1921 sc.
419 1883 492 1933 98,
534 1883 649 1933 quod
686 1885 751 1923 est
787 1884 830 1922 in
847 1883 1166 1934 Adimantum,
1208 1883 1331 1922 euius
1369 1883 1546 1922 oonsilio
1585 1882 1714 1933 (trad.
1745 1880 1796 1933 S)
1820 1879 1969 1927 Ἑλλὰς

328 1946 567 2001 ἐλευθερίης
595 1947 815 2001 ἀμφέθετο
843 1948 1062 2001 στέφανον.
1093 1949 1143 1988 In
1168 1951 1351 1999 utroque
1373 1960 1439 1999 ep.
1463 1960 1604 1988 sermo
1626 1951 1692 1988 eet
1714 1948 1769 1989 de
1790 1947 1967 1989 Graecia

330 2011 495 2063 (Ἑλλὰς
529 2015 675 2054 eadem
704 2015 956 2065 pentametri
985 2013 1125 2064 sede),
1165 2014 1219 2053 de
1246 2014 1460 2064 libertate,
1501 2014 1544 2053 in
1573 2013 1654 2053 hoc
1680 2013 1735 2054 de
1759 2012 1968 2054 libertatis

328 2090 506 2130 corona,
553 2092 663 2130 quae
703 2081 879 2120 Graecia
900 2100 902 2102 v
923 2080 1003 2119 sibi
1045 2080 1245 2131 imponit,
1291 2081 1335 2119 in
1379 2080 1451 2119 illo
1487 2080 1541 2119 de
1576 2079 1791 2130 libertate,
1834 2089 1966 2130 quam

328 2144 502 2184 Graecia
531 2157 555 2185 a
585 2149 720 2196 capite
749 2158 828 2185 suo
856 2146 1009 2196 deripit
1040 2144 1348 2198 (καθέληται).
1382 2146 1534 2195 Itaque
1560 2146 1807 2196 comparato
1830 2142 1967 2185 Simo-

328 2210 451 2248 nideo
482 2223 631 2261 versu,
664 2212 744 2250 hoc
772 2211 1012 2250 Mnasalcas
1042 2210 1229 2250 voluisse
1257 2211 1359 2250 mihi
1389 2211 1577 2250 videtur:
1616 2210 1685 2250 ‘ne
1710 2209 1887 2251 Graecia
1913 2209 1967 2249 iis

330 2274 483 2326 (σφίσι,
516 2277 567 2315 ef.
597 2275 623 2315 ὅ
650 2291 740 2328 μοι
770 2276 895 2328 γέρας
923 2275 1076 2328 οἴχεται
1105 2274 1226 2328 ἄλλῃ)
1257 2288 1282 2315 a
1303 2276 1439 2326 eapite
1459 2287 1541 2315 suo
1559 2275 1746 2315 extincto
1763 2285 1966 2315 eoronam

327 2340 533 2380 libertatis
562 2341 802 2392 deriperet’,
835 2354 921 2392 qua
950 2342 1159 2381 sententia
1187 2344 1379 2381 contorte
1401 2341 1671 2392 significatur
1698 2340 1767 2380 'ne
1789 2339 1965 2381 Graecia

328 2405 379 2444 iis
408 2407 451 2444 in
481 2407 729 2446 servitutem
759 2406 1054 2458 redigeretur’.

382 2471 692 2520 Inquirendum
712 2473 896 2522 denique
915 2475 998 2522 est,
1023 2484 1149 2523 num,
1173 2474 1221 2511 ut
1240 2472 1282 2511 in
1303 2483 1399 2522 epp.
1419 2470 1767 2522 Eurymedontiis
1784 2468 1833 2522 (5
1851 2467 1961 2521 127),

329 2537 538 2575 recentius
575 2549 640 2587 ep.
678 2538 946 2588 Tegeaticum
975 2538 1172 2577 lemmate
1200 2537 1452 2586 vetustiore,
1495 2526 1707 2575 vetustius
1734 2534 1967 2576 recentiore

328 2600 584 2640 instructum
614 2603 681 2642 sit.
722 2603 800 2653 Ep.
831 2603 1123 2642 Simonideum
1154 2602 1230 2641 102
1257 2602 1411 2641 lemma
1439 2601 1586 2641 habet:
1615 2599 1674 2645 εἰς
1699 2597 1797 2645 τοὺς
1814 2596 1965 2652 Ἕλλη-

329 2679 402 2709 νας
430 2664 525 2710 τοὺς
554 2666 625 2718 τὴν
658 2665 810 2719 Τεγέαν
838 2666 1066 2718 ἐλευθέραν
1094 2666 1366 2719 ποιήσαντας
1405 2678 1471 2717 ep.
1503 2666 1600 2715 103,
1637 2665 1750 2715 quod
1780 2664 1966 2704 Unam}-

328 2742 400 2769 cae
441 2732 734 2771 attribuimus:
778 2731 834 2776 εἰς
875 2731 971 2776 τοὺς
1012 2731 1056 2772 ἐν
1098 2730 1225 2784 Τεγέᾳ
1261 2730 1464 2776 πεσόντας
1500 2729 1669 2782 ἀριστῆς
1699 2728 1965 2782 Ἀθηναίους.

329 2796 567 2846 Utrumque
597 2795 818 2847 vitiosum',
858 2800 1091 2847 utrumque
1116 2798 1228 2837 enim
1258 2809 1324 2847 ep.
1351 2800 1416 2836 est
1444 2797 1486 2835 in
1517 2796 1745 2846 Tegeatae,
1783 2794 1859 2844 qui
1884 2805 1966 2845 pm

329 2861 464 2910 patria
501 2862 755 2901 ceciderunt.
802 2863 924 2902 Unde
961 2863 1019 2901 illi
1049 2860 1266 2915 Ἕλληνες,
1307 2862 1351 2900 hi
1383 2859 1631 2912 Ἄθηναῒοιὲ
1673 2859 1838 2905 Quodsi
1870 2859 1966 2899 iure
1988 2917 1999 2923 q,

328 2926 568 2966 Mnasalcae
604 2927 843 2966 adiudicavi
880 2928 1142 2978 epigramma
1183 2927 1280 2977 103,
1323 2927 1365 2966 id
1403 2937 1490 2965 una
1528 2937 1625 2965 cum
1659 2925 1980 2975 epigrammate*

374 3073 434 3113 ι67)
481 3074 654 3107 llauvette
679 3086 709 3116 p.
726 3075 768 3107 87
794 3075 1028 3117 Bergkianain
1054 3077 1381 3118 interpretationem
1405 3074 1612 3107 dubitanter
1635 3073 1793 3115 probavit
1814 3072 1964 3105 lectione

330 3134 449 3161 tamen
474 3130 653 3163 planudes
677 3128 808 3172 κάρτος
831 3135 982 3173 accepta.

2060 83 2072 92 ,ῳ
2049 0 2072 72 2340...]
