2072 3568
924 231 1001 274 205
1495 231 1520 287 g
1554 232 1650 285 121,
1687 234 1774 275 122.

145 362 274 402 huius
311 359 675 401 commentationis
713 361 854 409 parte,
897 371 993 398 cum
1030 359 1255 398 dicendum
1293 359 1371 398 erit
1408 360 1461 397 de
1493 360 1666 397 alterius
1695 360 1778 409 epi-

145 427 394 480 grammatis
423 425 746 475 Eurymedontii
777 425 852 463 142
881 424 1056 474 origine.
1100 424 1230 462 Keilio
1258 425 1302 462 in
1332 425 1666 474 Eurymedontio
1695 425 1778 474 epi-

145 493 380 543 grammate
400 490 644 529 imitationis
666 489 867 528 indicium
890 501 985 527 esse
1008 490 1175 528 videtur
1196 501 1372 528 caesura
1395 490 1437 527 in
1462 502 1500 528 v.
1524 491 1542 528 1
1568 491 1775 539 neglecta;

144 558 377 598 arbitratur
422 567 524 606 ergo
570 567 610 593 v.
657 566 691 593 c.
738 555 866 592 huius
908 555 1226 604 epigrammatis
1269 556 1510 604 auctorem,
1562 567 1657 593 cum
1702 567 1779 604 pro

142 621 245 674 παρ’
284 619 678 673 Ἑλλήσποντον
719 617 945 658 ἀπώλεσαν
988 620 1172 658 scribere
1215 620 1336 658 vellet
1379 631 1455 658 nec
1499 631 1599 657 vero
1636 623 1778 669 posset

143 687 245 739 παρ’
276 683 669 738 Εὐρυμέδοντα
705 684 711 736 Ι
744 683 987 733 ἀπώλεσαν,
1030 684 1172 722 hiatus
1201 684 1388 722 evitandi
1417 685 1553 733 gratia
1582 687 1622 722 et
1651 685 1778 734 parti-

144 754 282 793 culam
323 751 424 791 ποτέ
464 751 698 789 inseruisse
738 739 794 789 et*
821 750 1173 799 praepositionem
1213 748 1291 788 ἀπ·
1330 750 1537 788 omisisse.
1583 750 1777 788 Attamen

144 830 282 868 neque
317 818 361 856 in
398 816 712 865 antiquioribus
748 815 1068 864 epigrammatis
1106 815 1356 864 particulam
1393 814 1494 853 ποτέ
1530 827 1607 864 pro
1639 829 1777 865 παρα-

143 882 393 936 πληρώματι
418 882 573 921 habere
595 882 690 919 licet
716 879 818 931 (‘ein
842 879 1079 919 Flickwort'
1098 880 1207 928 Keil,
1236 891 1419 929 quocum
1443 880 1521 918 hac
1543 880 1584 918 in
1609 892 1654 918 re
1675 881 1778 918 adeo

144 949 361 999 Meyerum
389 960 430 997 p.
465 947 514 985 12
543 947 682 985 facere
711 944 850 995 video)
870 944 937 995 161)
969 956 1106 994 neque
1135 945 1177 983 in
1208 945 1542 994 Eurymedontio
1570 946 1778 994 epigram-

143 1016 255 1053 mate
289 1014 401 1052 hanc
434 1012 685 1062 particulam
714 1011 991 1060 consequitur
1020 1010 1199 1048 verbum
1229 1008 1394 1048 ὤλεσαν
1422 1010 1495 1048 sed
1525 1010 1777 1048 adiectivum

143 1077 301 1131 ἀγλαόν
328 1077 413 1129 luz),
473 1078 625 1126 Itaque
670 1076 986 1115 concedendum
1029 1077 1093 1114 est
1134 1076 1386 1113 imitatorem
1428 1087 1522 1113 esse
1563 1077 1776 1114 auctorem

144 1143 422 1194 Hellespontii
463 1141 801 1192 epigrammatis;
845 1141 919 1190 qui
959 1141 1063 1179 illud
1105 1139 1206 1179 ποτέ
1249 1141 1454 1190 neglexit,
1501 1138 1579 1178 (Ξπ-
1618 1141 1778 1179 addidit

146 1208 216 1260 (cf.
258 1209 300 1247 in
345 1208 533 1247 Tettiehi·
564 1219 628 1257 ep.
672 1207 791 1245 Kaib.
835 1206 854 1244 1
874 1236 884 1256 ,
932 1206 1093 1245 Hoffm.
1132 1206 1156 1244 2
1194 1203 1349 1256 νεαρὰν
1386 1204 1496 1256 ἥβην
1534 1204 1773 1256 ὀλέσαντα),

143 1274 272 1313 verba
311 1271 469 1325 ἀγλαὸν
505 1274 545 1311 et
583 1270 747 1311 ὤλεσαν
783 1271 945 1310 traiecit
983 1270 1054 1322 (cf.
1089 1283 1128 1309 v.
1161 1271 1184 1309 4
1224 1271 1354 1309 verba
1387 1273 1534 1322 μνῆμα
1563 1273 1602 1308 et
1632 1270 1779 1322 ἀρετῆς

141 1338 240 1378 item
290 1337 511 1387 traiecta),
567 1349 663 1376 cum
707 1334 1056 1388 Ἑλλήσποντον
1101 1334 1211 1375 ποτ’
1257 1334 1414 1386 ἀγλαὸν
1461 1334 1623 1374 ὤλεσαν
1669 1335 1778 1388 ἥβην

142 1406 276 1443 metro
314 1414 556 1453 repugnare
594 1402 766 1440 videret.
809 1401 914 1446 Quis
945 1403 1160 1451 praeterea
1191 1412 1275 1439 non
1305 1401 1453 1450 sentit,
1495 1403 1656 1449 quanto
1685 1402 1777 1440 ulti-

143 1481 239 1508 mus
277 1468 599 1519 Eurymedontii
627 1467 946 1517 epigrammatis
976 1478 1129 1505 versus
1158 1464 1374 1505 κάλλιστον
1404 1465 1442 1503 δ’
1467 1465 1614 1517 ἀρετῆς
1641 1466 1774 1517 μνῆμ’

141 1532 282 1574 ἔλιπον
310 1532 510 1585 φθίμενοι
539 1534 725 1583 praestet
754 1532 1031 1582 Hellespontii
1059 1532 1376 1582 epigrammatis
1401 1532 1616 1570 clausulae
1640 1530 1779 1573 αὐτοῖς

143 1597 183 1638 δ’
215 1597 428 1639 ἀθάνατον
460 1597 595 1651 μνῆμ’
628 1597 776 1650 ἀρετῆς
810 1596 997 1637 ἔθεσανὲ
1042 1597 1232 1646 Denique
1259 1597 1489 1636 auctoritas
1521 1596 1773 1646 Simonidis,

142 1675 227 1714 qua
265 1665 307 1703 in
347 1665 429 1703 ΑΡ.
467 1664 729 1714 epigramma
766 1665 968 1713 ornatur,
1008 1654 1132 1711 quod'
1158 1665 1317 1712 spectat
1353 1674 1542 1711 pugnam
1572 1663 1777 1712 Euryme—

142 1729 331 1769 dontiam
369 1741 456 1768 uno
493 1741 607 1768 anno
645 1730 741 1778 post
778 1730 925 1778 poetae
962 1730 1140 1766 mortem
1180 1727 1472 1776 commissam,
1515 1727 1637 1765 nobis
1675 1739 1779 1766 sane

142 1795 258 1834 nulla
286 1807 416 1834 causa
444 1796 530 1844 est,
563 1806 640 1833 cur
668 1795 930 1844 epigramma
959 1793 1206 1843 posterioris
1235 1792 1384 1831 aetatis
1408 1804 1503 1831 esse
1525 1793 1773 1831 iudicemus.

141 1859 292 1899 Nonne
327 1860 622 1910 epigrammati
659 1861 782 1898 antea
820 1870 1035 1908 anonymo
1076 1857 1317 1897 Simonidea
1347 1858 1577 1896 auctoritas
1606 1858 1775 1896 demum

127 1925 318 1970 ,accessit
358 1925 401 1964 in
447 1925 617 1975 Sylloge
661 1923 935 1963 Simonidea?
981 1923 1317 1973 Hellespontium
1355 1925 1617 1973 epigramma
1656 1924 1777 1962 nobis

140 1990 408 2029 traditionem
446 1991 479 2029 A
515 1989 839 2040 Eurymedontii
871 1989 946 2028 105
976 1990 1287 2038 repraesentat,
1329 2000 1439 2037 quae
1467 1989 1582 2038 apud
1612 1989 1777 2027 nullum

142 2055 389 2105 scriptorem
433 2057 602 2094 servata
644 2056 720 2093 est.
768 2054 961 2093 Imitator
1003 2053 1264 2103 epigramma
1307 2053 1478 2091 novisse
1523 2053 1689 2092 videtur
1725 2066 1777 2092 ex

141 2119 415 2170 inscriptione
442 2121 485 2159 in
516 2120 733 2160 Ceramico
761 2119 866 2169 ipso.

194 2184 264 2224 2a.
324 2185 509 2224 Imitatio
550 2184 724 2224 alterius
762 2184 1081 2234 epigrammatis
1119 2184 1442 2234 Eurymedontii
1483 2184 1557 2223 142
1599 2184 1778 2234 (formae

142 2249 208 2300 A',
250 2250 302 2289 cf.
338 2249 364 2301 ξ
401 2250 470 2300 60)
511 2250 631 2289 adest
669 2250 712 2288 in
750 2249 1056 2299 epigrammate
1093 2248 1275 2298 Graeco,
1318 2249 1432 2298 quod
1470 2250 1579 2288 inter
1617 2250 1776 2288 medias

140 2314 438 2365 inscriptiones
484 2316 635 2365 Lycias
682 2315 836 2365 legitur
878 2314 920 2352 in
964 2314 1259 2353 celeberrimae
1301 2314 1529 2353 Columnae
1571 2315 1778 2354 Xanthiae

141 2379 270 2419 latere
298 2380 616 2430 septentrionali
647 2392 687 2419 v.
706 2379 877 2419 20-31,
912 2379 1039 2418 Haud
1070 2379 1202 2418 multo
1230 2381 1326 2429 post
1355 2391 1516 2418 annum
1546 2380 1623 2418 412
1647 2380 1775 2429 lapidi

142 2446 389 2485 mandatum
432 2448 517 2495 est,
563 2447 611 2484 ut
652 2445 961 2483 demonstravit
1003 2444 1264 2483 novissimus
1302 2444 1437 2482 editor
1476 2444 1654 2483 Kalinka
1693 2444 1771 2482 Tit.

141 2509 211 2549 As.
250 2510 351 2550 Min.
391 2511 425 2549 Ι.
465 2511 538 2560 44,
579 2511 632 2549 cf.
673 2510 893 2549 Benndorf
930 2510 972 2548 in
1011 2510 1227 2559 praeclara
1267 2509 1494 2558 scriptione
1533 2509 1634 2547 ‘Zur
1666 2508 1778 2548 Stele

142 2574 374 2626 Xanthia’„
395 2576 596 2615 Jahresh.
629 2577 709 2615 δεῖ.
741 2576 856 2615 arch.
891 2576 997 2614 Inst.
1031 2575 1112 2614 ΙΙΙ.
1149 2575 1251 2614 1900
1289 2587 1328 2624 p.
1362 2574 1413 2613 98
1451 2586 1568 2623 sqq.,
1610 2575 1651 2612 in
1691 2586 1775 2623 qua

142 2639 322 2679 nitidum
359 2640 677 2690 epigrammatis
715 2641 992 2691 apographon
1032 2640 1209 2679 iteratur
1243 2652 1283 2690 p.
1320 2640 1408 2678 111.
1455 2639 1561 2678 Inde
1591 2639 1776 2678 Hicks—

185 2821 248 2865 161)
293 2823 344 2857 cf.
374 2824 570 2858 Simonides
601 2826 635 2857 in
668 2835 742 2867 epp.
767 2825 1127 2867 Thermopylensibus
1150 2823 1187 2856 91
1219 2828 1254 2856 et
1277 2823 1339 2865 94,
1372 2827 1550 2865 praeterea
1575 2834 1628 2865 cp.
1653 2824 1775 2856 Corin-

141 2879 297 2912 thiacum
329 2879 374 2913 96
404 2884 442 2913 et
470 2881 587 2923 quinti
619 2881 750 2913 saeculi
784 2891 836 2922 ep.
872 2880 968 2912 Kaib.
994 2879 1058 2912 487
1083 2879 1225 2919 (lloll'm.
1250 2878 1318 2918 50).
1348 2879 1394 2911 De
1419 2880 1610 2920 particulae
1633 2877 1718 2910 ποτέ
1741 2880 1774 2911 iu

143 2935 234 2977 poesi
266 2936 554 2978 epigrammatica
585 2946 650 2969 usu
684 2937 845 2969 dicturus
876 2947 954 2968 sum
981 2937 1015 2968 in
1040 2938 1099 2968 ult.
1127 2936 1159 2968 h.
1185 2946 1309 2967 nomin.
1336 2941 1450 2977 purte,
1483 2946 1563 2967 cum
1589 2936 1777 2967 Simonidis

141 2991 396 3033 epigrammata
425 2993 738 3035 'rhermopylensin
772 3002 853 3025 cum
891 2992 1095 3034 vulgaribus
1130 2991 1416 3032 inscriptionibus
1453 2991 1605 3023 metricis
1636 3001 1776 3033 compn-

143 3047 251 3080 randa
274 3052 381 3081 erunt
403 3047 461 3089 (cf.
485 3047 502 3087 ,Ε
526 3048 570 3081 ‘20
594 3060 626 3091 p.
649 3048 718 3089 33).

186 3101 250 3145 162)
298 3104 372 3138 Keil
397 3105 504 3138 etiarn
530 3105 566 3138 in
590 3105 855 3148 epigrammatis
880 3107 977 3137 textu
1005 3104 1076 3146 ipso
1100 3101 1236 3135 ὤλεσαν
1260 3106 1342 3136 ante
1365 3100 1494 3146 ἀγλαὸν
1519 3103 1671 3146 praebet.
