2072 3568
389 213 490 263 Cap.
524 210 591 253 111
605 243 615 263 ,
651 211 712 253 19.
1171 209 1245 252 148

389 337 622 387 pretatione
649 336 919 376 efficiendum
950 339 1026 376 est.
1062 336 1152 375 vid.
1182 336 1223 376 in
1254 337 1324 376 alt.
1355 336 1395 376 h.
1424 348 1460 376 c.
1489 339 1630 388 parte,
1661 339 1702 377 et
1731 335 1760 390 5
1787 336 1841 380 82
1868 349 1912 380 u.
1932 338 2023 381 loa.

388 401 576 441 Samma
617 413 788 452 quoque
830 405 951 452 poeta
996 402 1101 451 luit,
1147 402 1271 441 euius
1314 402 1621 453 epigrammata
1663 413 1687 443 a
1730 402 1943 456 Meleagro
1980 404 2026 446 ln

387 469 597 507 Coronam
628 470 793 517 recepta
824 471 925 506 sunt
957 467 1028 516 (cf.
1058 467 1139 506 ΑΡ.
1170 467 1238 506 lv.
1269 467 1401 517 1,14);
1431 469 1524 507 eius
1550 478 1647 509 esse
1675 468 1845 509 videtur
1865 469 2023 521 εμπ.

390 533 485 582 116,
527 533 651 571 cuius
688 532 838 571 titulus
876 533 917 571 in
951 533 1036 571 Pal.
1070 530 1226 583 Σάμου
1254 535 1319 572 est
1350 532 1489 582 (Plan.
1523 544 1639 573 nunc
1667 545 1770 574 vero
1796 531 2023 588 Σιμμίου).

440 599 547 637 Cum
586 598 664 637 hoc
703 598 825 636 titulo
861 597 992 636 dubio
1030 597 1316 637 conterendus
1353 600 1417 637 est
1453 597 1644 639 eiusdem
1678 600 1848 651 generis
1874 598 2028 641 titulus

385 663 704 713 epigrammatis
746 662 859 712 quod
904 663 1046 702 statim
1091 666 1184 713 post
1228 663 1424 713 sequitur
1465 663 1559 703 VII.
1605 663 1704 704 650:
1753 661 1959 706 Φλάκκου
1998 664 2027 719 ἢ

391 727 607 767 Φαλαίκου
647 728 700 777 C,
746 725 966 767 Φακέλλου
1007 728 1124 767 Plan.
1177 728 1242 767 Ibi
1280 728 1363 767 iam
1402 728 1493 768 loeo
1530 729 1573 769 iu
1609 729 1846 782 Meleagron
1876 729 2028 772 ordine

324 780 328 787 ¹
388 794 592 833 Phalaeco
635 793 877 832 vindicatur
917 793 1203 844 epigramma,
1263 793 1486 844 Statyllius
1532 794 1708 835 Flaccus
1747 794 1862 836 enlm
1902 796 2026 847 poeta

387 859 632 909 Pliilippeus
660 861 736 898 est.
773 859 993 898 Praeterea
1023 859 1076 898 ci.
1110 859 1391 898 Reitzenstein
1422 871 1462 909 p.
1495 859 1561 899 98.

441 924 466 974 ξ
497 924 561 963 89.
625 922 692 963 De
728 922 1085 975 epiyrammatis
1121 922 1240 963 alibi
1273 922 1370 963 alio
1402 922 1542 964 titulo
1571 923 1780 966 munitis.
1839 924 1947 967 Oum
1975 935 2026 966 ea

384 990 691 1039 epigrammata
721 989 941 1038 tractanti,
978 1000 1089 1039 quae
1117 989 1158 1027 in
1190 989 1273 1028 ΑΡ.
1305 989 1453 1028 eodem
1482 989 1605 1028 titulo
1632 988 1843 1032 instructa
1870 990 2027 1032 stemn-

385 1057 474 1103 tur,
517 1057 607 1093 tum
636 1066 708 1104 ea,
751 1066 862 1104 quae
889 1054 958 1093 alii
989 1054 1151 1093 auctori
1181 1054 1341 1094 tributa
1372 1055 1572 1105 redeunt,
1613 1055 1701 1095 duo
1729 1055 2025 1108 repetitionum

385 1131 540 1170 genera
569 1119 872 1170 distinguenda
902 1121 1017 1158 sunt.
1067 1119 1178 1158 Sunt
1205 1119 1317 1159 enim
1347 1120 1682 1171 epigrammata,
1722 1131 1835 1172 quae
1860 1120 2028 1162 scrius

384 1188 526 1224 textus
564 1185 606 1224 in
637 1187 754 1224 textu
784 1185 878 1235 ipso
907 1184 973 1223 bis
1001 1185 1294 1235 exaraverint,
1338 1188 1462 1235 sunt,
1503 1197 1615 1235 quae
1641 1188 1761 1226 extra
1788 1187 1953 1234 textum
1978 1186 2025 1227 in

386 1251 577 1301 margine
605 1251 695 1289 sive
723 1262 747 1289 a
776 1252 919 1290 textus
948 1250 1101 1289 scribis
1130 1250 1221 1289 sive
1244 1262 1269 1289 a
1294 1251 1543 1291 Correctore
1565 1251 1720 1291 iterum
1744 1251 1832 1292 sint
1848 1251 2022 1304 scripu.

439 1315 620 1355 Prior-is
657 1316 825 1366 generis
863 1316 1128 1365 iterationes,
1170 1316 1490 1366 epigrammatis
1529 1319 1747 1367 praeterea
1773 1317 1908 1358 altero
1933 1316 2027 1358 loeo

384 1382 465 1420 alio
494 1382 615 1420 titulo
645 1381 843 1431 munitis,
876 1381 919 1420 in
952 1381 1208 1420 Simonideis
1236 1383 1469 1421 occurrunt
1497 1382 1597 1421 hae:

440 1448 474 1486 1.
537 1447 614 1496 Ep.
639 1447 686 1485 V.
717 1446 792 1485 160
816 1443 1002 1486 Ἡόύλου
1031 1445 1072 1486 οἶ
1100 1445 1146 1485 δὲ
1169 1444 1481 1498 Ἀσκληπιάδου
1512 1447 1543 1485 Α
1572 1447 1752 1487 iteratur
1779 1448 1878 1499 poet
1904 1446 1979 1488 xl.
1997 1446 2026 1488 9

383 1513 505 1551 titulo
534 1510 781 1563 ,Σιμωνίδου
813 1512 846 1550 Β
876 1512 1142 1562 insignitum.
1175 1512 1267 1550 Vid.
1298 1510 1323 1563 ξ
1354 1511 1419 1551 90.

437 1578 474 1616 2.
536 1578 613 1627 Ep.
656 1577 731 1616 150
772 1577 927 1627 legitur
968 1577 1011 1615 in
1056 1577 1164 1616 serie
1204 1577 1561 1627 epigrammatum
1601 1576 2025 1619 Ammontem-um

386 1643 509 1693 (sane
547 1644 642 1692 post
676 1643 872 1681 lacunam
910 1654 985 1682 sex
1014 1643 1225 1682 linearum
1253 1642 1439 1693 spatium
1468 1641 1726 1694 explentem)
1754 1642 1879 1683 fitulo
1904 1653 2026 1694 prae-

383 1709 517 1747 ditum
558 1710 631 1747 τοῦ
670 1706 799 1747 αὐτοῦ
838 1708 870 1746 Α
909 1708 979 1746 VI.
1016 1708 1110 1756 1443
1151 1708 1356 1758 repetitur
1393 1710 1489 1758 post
1525 1719 1591 1758 ep.
1624 1708 1695 1748 vl.
1727 1707 1807 1748 213
1842 1708 1888 1749 in
1915 1708 2027 1749 aerio

383 1774 739 1823 epigrammatum
777 1771 1157 1812 Simonidem-um
1193 1773 1340 1812 eodem
1369 1773 1492 1812 titulo
1519 1775 1593 1813 τοῦ
1621 1771 1753 1813 αὐτοῦ
1779 1773 1814 1813 Α
1840 1773 2026 1814 instruo-

383 1842 489 1877 tum.
522 1838 613 1877 Vid.
649 1837 675 1889 ξ
705 1838 770 1877 91.

436 1904 473 1942 3.
534 1905 613 1953 Ep.
646 1903 741 1942 VII.
778 1903 872 1953 187,
914 1903 1030 1953 quod
1069 1903 1274 1953 repetitur
1301 1906 1397 1954 post
1425 1915 1491 1954 ep.
1518 1904 1614 1943 VII.
1642 1903 1721 1943 344
1749 1902 1800 1955 b,
1840 1905 2027 1955 utroquo

383 1970 473 2008 loco
515 1981 538 2008 a
582 1969 614 2009 C
658 1969 869 2008 munitum
912 1971 977 2008 est
1018 1969 1140 2008 titulo
1181 1970 1255 2008 τοῦ
1296 1967 1448 2019 αὐτοῦ,
1501 1969 1583 2008 illic
1625 1972 1722 2020 post
1761 1969 2023 2020 epigramma

384 2033 595 2085 Philippi
622 2035 716 2073 VII.
747 2034 845 2084 186,
878 2034 946 2073 hic
975 2037 1071 2084 post
1100 2033 1424 2074 Simonideum
1452 2035 1547 2074 VII.
1574 2034 1652 2074 344
1681 2045 1726 2074 a.
1757 2034 1823 2076 Ol.
1846 2033 1876 2087 §
1899 2034 1966 2076 92.

436 2098 839 2150 Alteriuageneris
867 2102 932 2139 est
960 2100 1126 2139 iteratio
1154 2100 1474 2151 epigrammatis
1505 2100 1603 2150 180,
1636 2099 1753 2150 quod
1781 2100 1817 2140 Δ
1842 2099 1940 2140 vn.
1969 2099 2025 2140 20

382 2165 573 2204 exaravit
609 2164 848 2205 Simonidi
875 2166 1083 2205 tributum
1115 2165 1225 2216 (cod.
1258 2178 1299 2216 p.
1332 2165 1453 2215 210),
1496 2166 1529 2205 C
1557 2165 1730 2216 scripsit
1756 2165 1801 2205 ln
1831 2164 2025 2217 margine

383 2230 582 2269 inferiore
611 2231 792 2281 paginae
819 2231 975 2270 codicis
1003 2231 1081 2270 213
1110 2231 1232 2270 titulo
1261 2231 1406 2270 addito
1433 2229 1681 2271 ἀδέσποτον.
1721 2230 1814 2271 Vid.
1843 2228 1871 2283 5
1899 2229 1967 2271 98.

436 2295 566 2334 Nobis
591 2307 706 2335 nunc
729 2296 1001 2336 efficiendum
1026 2299 1112 2346 est,
1146 2299 1292 2335 utrum
1317 2296 1468 2335 titulus
1490 2296 1644 2335 horum
1665 2295 2022 2347 epigrammatum

383 2359 683 2400 Simonidem}-
714 2361 824 2400 inter
854 2362 1108 2400 recentiores
1138 2361 1416 2412 Anthologiae
1444 2361 1662 2401 Palatinae
1687 2361 1836 2400 titulos
1862 2359 2023 2401 haben-

382 2425 464 2463 dus
500 2426 553 2464 sit
590 2438 645 2465 an
683 2426 794 2465 inter
832 2427 1085 2466 vetustiores
1125 2426 1196 2477 (cf.
1232 2425 1259 2478 ἕ
1288 2426 1381 2477 82);
1422 2427 1510 2476 vel,
1551 2426 1667 2476 quod
1702 2425 1851 2466 eodem
1886 2425 2019 2476 redit,

383 2493 528 2529 utrum
570 2503 666 2541 epp.
704 2492 773 2531 illa
810 2492 967 2542 titulis,
1013 2492 1173 2542 quibus
1210 2492 1343 2531 altero
1380 2492 1471 2531 loco
1508 2493 1808 2542 instruuntur,
1850 2489 2025 2542 proprie

382 2558 532 2595 ornata
574 2555 804 2595 Simonidis
842 2558 1135 2596 auctoritatem
1164 2557 1317 2607 adepta
1346 2557 1431 2596 sint
1459 2568 1515 2596 an
1547 2555 1804 2596 Simonideis
1831 2554 2022 2607 praedita

382 2621 576 2660 alienam.
624 2622 790 2661 Causae
827 2625 968 2661 autem
997 2623 1355 2673 epigrammatum
1385 2622 1704 2672 repetitionum,
1746 2621 1858 2661 siout
1883 2619 2022 2672 dupu-

382 2685 493 2723 cium
532 2686 753 2725 titulorum
793 2687 978 2725 rationes
1018 2688 1088 2737 (ci.
1125 2686 1151 2738 ξ
1185 2687 1279 2737 86),
1323 2687 1446 2726 valde
1473 2687 1669 2726 diversae
1695 2697 1791 2726 esse
1817 2687 2020 2737 possunt;

383 2753 484 2788 sunt
507 2750 836 2801 epigrammata,
866 2763 1050 2800 quorum
1071 2752 1235 2791 iteratio
1255 2752 1361 2791 satis
1381 2752 1435 2791 sit
1454 2751 1654 2801 antiqua,
1682 2753 1808 2801 sunt,
1834 2760 2020 2800 quorum

383 2815 506 2854 valde
534 2826 695 2854 recens.
1872 2830 1875 2832 ’

437 2880 489 2918 Et
527 2880 606 2919 hac
644 2880 686 2919 in
724 2881 1021 2930 disquisitione
1057 2884 1098 2920 et
1126 2882 1169 2920 in
1199 2882 1273 2932 iis,
1315 2893 1427 2931 quae
1454 2883 1601 2930 postea
1631 2880 1732 2919 mihi
1760 2877 2021 2931 disputanda

382 2947 506 2994 sunt,
548 2957 682 2984 unum
722 2958 800 2995 pro
827 2947 1045 2996 explorato
1074 2947 1228 2985 habeo:
1273 2945 1558 2997 Meleayrum
1587 2944 1638 2985 in
1666 2941 2022 2996 epiyrammatie

387 3008 595 3048 Coronae
631 3009 898 3061 diyermzdis
933 3011 1053 3050 Itane
1090 3010 1350 3051 observasse
1383 3009 1639 3060 rationem,
1681 3011 1734 3050 ut
1770 3011 1903 3049 nunc'
1926 3007 2020 3060 epi-

381 3076 698 3125 9rammatum
727 3075 968 3126 respiceret
996 3078 1295 3128 aryumenta,
1328 3088 1453 3116 nunc
1478 3077 1702 3115 auctores.
1745 3076 1837 3115 Hoc
1862 3075 2023 3125 optime
