2072 3568
930 213 951 251 7
1580 213 1608 276 §-
1637 214 1683 263 5,
1717 214 1754 254 6.

122 338 213 378 neri
250 349 342 377 eam
380 338 691 387 exceptionem,
734 349 843 387 quae
879 337 922 376 in
962 339 1102 387 priore
1140 338 1282 376 verbis
1321 338 1404 384 ἔξω
1435 361 1485 366 -
1515 338 1757 389 ἕπίγραμ,ιια

120 404 376 453 exponatur,
411 403 566 452 recepit
596 415 767 451 unaque
795 403 837 441 in
869 415 935 452 re,
968 415 1096 452 quam
1128 415 1194 442 me
1223 403 1455 442 offendisse
1485 415 1615 453 supra
1645 404 1753 452 dixi,

120 469 314 509 correxit.
361 468 590 518 Expressis
628 469 740 507 enim
780 467 921 507 verbis
960 469 1124 518 primus
1163 492 1211 495 —
1253 481 1389 518 neque
1428 470 1548 518 parvi
1588 470 1666 508 hoc
1694 471 1758 508 est

120 534 430 573 aestimandum
486 556 533 560 —
587 534 743 583 Preger
796 534 958 572 monuit
1010 534 1062 572 de
1113 534 1354 573 Simonidea
1406 533 1758 585 epam-ammaus

66 624 68 629 ι
120 599 337 649 Megistiae
391 597 671 638 auctoritate
724 599 838 648 apud
897 599 1159 637 Herodotum
1214 611 1452 638 sermonem
1506 612 1589 638 non
1643 612 1755 638 esse:

0 2544 22 2580 εἷς
12 2531 19 2538 2.
5 2513 10 2526 ‘⁴
6 2483 17 2501 z?

0 2570 34 2998 ..i„*.‹..÷x.am2a==z-rss2<2²13

120 664 242 703 unice
278 664 389 702 enim
433 664 764 714 ‘epigrammatis
802 663 1084 713 insculpendi’
1127 665 1339 703 notionem
1380 665 1519 703 inesse
1557 665 1756 705 locutioni

119 727 384 780 ἐπιγράφειν,
443 730 509 768 cui
567 730 601 768 si
663 718 994 779 ‘epigrammatis
1046 729 1239 768 faciendi'
1295 730 1460 768 tribuas
1514 729 1723 768 notionem
1743 760 1752 778 ,

119 795 446 844 Amphictyones
486 806 639 833 rursus
677 795 890 844 putandos
927 806 1021 832 esse
1058 795 1247 833 carmina
1276 795 1318 832 in
1351 795 1679 844 Peloponnesios
1717 797 1757 833 et

122 859 358 909 Spartiatas
396 860 722 909 conscripsisse,
765 859 968 909 quoniam
1006 859 1183 897 eandem
1224 859 1379 898 habere
1409 860 1493 897 vim
1524 860 1756 898 locutiones

118 923 362 976 ἐπιγράφειν
390 923 462 964 τινὶ
491 924 733 975 ἐπίγραμμα
763 927 892 974 atque
920 923 1161 975 ‹s'ncxoo‘uec‘v
1185 938 1271 963 τινα
1296 923 1578 975 ἐπιγράμματι
1603 925 1756 964 consti-

118 991 323 1029 tuendum
353 990 419 1029 sit.

171 1055 359 1094 Alterum
389 1057 553 1104 autem,
596 1055 710 1104 quod
742 1055 987 1094 Kaibeliana
1016 1055 1237 1104 explicatio
1267 1067 1349 1093 non
1381 1055 1643 1104 expedierat,
1682 1056 1755 1104 qui

117 1121 210 1159 fieri
239 1121 443 1170 potuerit,
486 1123 533 1159 ut
562 1121 667 1159 alter
696 1120 867 1170 cippum
897 1119 1099 1158 statuisse
1126 1120 1314 1169 dicatur,
1358 1120 1463 1158 alter
1491 1120 1755 1170 epigramma

117 1186 389 1227 incidendum
410 1196 585 1225 curasse
605 1207 655 1213 -
675 1196 785 1234 quae
809 1185 975 1234 pietatis
1001 1185 1140 1223 officia
1165 1185 1351 1234 disiungi
1377 1185 1447 1223 vix
1473 1187 1654 1234 possunt
1682 1207 1751 1234 —-,

117 1251 159 1290 id
189 1263 327 1300 neque
350 1251 480 1290 'solvit
509 1251 666 1301 Preger
696 1262 834 1299 neque
862 1250 966 1289 adeo
995 1250 1348 1289 animadvertisse
1379 1250 1557 1288 videtur.

174 1316 431 1355 Simonidem
480 1328 574 1355 esse
619 1316 937 1366 epigrammatis
986 1315 1203 1365 Megistiae
1245 1314 1556 1355 dedicatorem
1599 1316 1755 1364 Preger

119 1382 381 1420 Herodotum
420 1393 471 1420 ex
505 1381 627 1431 cippo
656 1381 770 1430 ipso,
813 1381 881 1420 cui
913 1381 1165 1430 Simonidis,
1208 1383 1254 1419 ut
1283 1381 1558 1430 dedicatoris,
1602 1392 1753 1418 nomen

117 1446 408 1496 subscriptum
438 1446 572 1485 fuisse
601 1446 805 1495 sumpsit,
839 1446 1056 1496 cognitum
1086 1446 1287 1485 habuisse
1316 1446 1432 1484 dixit.
1466 1446 1587 1490 Quae
1613 1445 1755 1494 opinio

117 1524 246 1562 quam
298 1512 526 1551 falsissima
579 1514 655 1550 est.
714 1511 912 1560 Antiquis
964 1511 1075 1550 enim
1126 1511 1389 1560 temporibus
1417 1510 1452 1560 ⁴)
1503 1511 1754 1549 dedicatoris

118 1589 271 1616 nomen
309 1579 430 1616 extra
459 1579 642 1616 metrum
671 1577 990 1627 epigrammatis
1019 1576 1174 1625 apponi
1205 1588 1289 1614 non
1319 1576 1441 1623 solet;
1482 1576 1524 1614 in
1556 1575 1753 1614 recentio-

119 1642 238 1682 ribus
275 1642 624 1692 inscriptionibus
659 1642 694 1680 si
725 1653 1048 1691 nonnumquam
1078 1641 1320 1680 inveniatur
1350 1653 1500 1680 nomen
1532 1641 1752 1679 cuiusdam

116 1708 411 1758 epigrammati
449 1708 681 1757 adiectum,
724 1719 890 1756 semper
925 1707 961 1745 is
997 1707 1306 1757 significatur,·
1328 1706 1401 1755 qui
1430 1707 1751 1744 monumentum

116 1774 255 1813 extrui
283 1774 408 1813 iussit
436 1774 462 1812 i.
490 1786 525 1812 e.
558 1774 631 1823 qui
661 1774 752 1812 suis
781 1773 986 1822 impensis
1015 1774 1054 1811 et
1084 1772 1254 1822 cippum
1286 1772 1560 1810 statuendum
1589 1771 1751 1810 curavit

116 1841 156 1878 et
184 1839 445 1890 epigramma
474 1838 814 1888 insculpendum.
850 1838 942 1876 Hoc
972 1840 1112 1876 autem
1143 1837 1447 1887 gravissimum
1477 1839 1559 1875 est:
1591 1836 1625 1874 si
1656 1836 1753 1885 quis

117 1904 160 1943 in
180 1905 319 1954 lapide
336 1904 430 1954 ipso
453 1904 684 1943 Simonidis
704 1904 851 1953 legerit
872 1915 1048 1952 nomen,
1078 1903 1180 1941 haec
1200 1903 1324 1941 unica
1346 1902 1542 1951 cogitatio
1563 1901 1752 1940 animum

117 1969 262 2008 subire
289 1970 425 2020 potuit
451 1969 710 2008 Simonidem
737 1969 1086 2008 monumentum
1113 1968 1327 2018 posuisse,
1363 1979 1500 2016 neque
1524 1967 1751 2016 quisquam

158 2125 190 2163 4)
238 2126 434 2168 Autiquum
471 2126 565 2157 enim
597 2126 814 2167 epigramma
847 2136 906 2166 per
937 2135 973 2156 se
1004 2125 1206 2156 absolutum
1240 2128 1293 2156 est
1326 2133 1440 2164 neque
1476 2124 1586 2155 ullum
1622 2123 1754 2164 patitur

115 2181 408 2214 additamentum.
446 2182 658 2214 Dedicutoris
693 2191 819 2213 nomen
856 2184 955 2212 extra
992 2185 1144 2212 metrum
1181 2180 1325 2211 demum
1364 2179 1453 2211 adici
1487 2183 1649 2220 coeptum
1683 2182 1753 2218 est,

117 2242 301 2281 postquam
334 2238 496 2270 formulis
529 2238 580 2269 usi
610 2242 694 2269 sunt
720 2237 878 2269 homiues
904 2237 1103 2276 manmit-iis,
1138 2237 1172 2268 in
1198 2236 1327 2277 quibus
1353 2235 1520 2267 nimirum
1547 2235 1753 2266 dedicatoris

118 2294 251 2326 nomini
287 2305 354 2327 nou
391 2294 487 2326 locus
523 2298 609 2326 erat.
648 2294 684 2325 ln
722 2293 852 2325 talibus
887 2296 1006 2325 autem
1043 2293 1309 2334 epigraunnaitis
1345 2293 1416 2323 sere
1452 2302 1590 2332 semper
1626 2301 1750 2322 nomeu

116 2361 258 2393 quoque
284 2352 412 2383 mortui
437 2355 537 2383 extra
562 2361 682 2383 versus
706 2351 875 2391 scriptum
902 2350 1098 2389 invenitur,
1128 2351 1169 2380 vs.
1195 2359 1271 2390 epp.
1298 2350 1364 2380 ium
1392 2358 1411 2379 a
1438 2348 1584 2389 Pregero
1610 2347 1753 2378 laudata

119 2406 249 2440 Kaibel.
290 2407 371 2449 Epp.
412 2406 471 2440 Gr.
511 2407 554 2439 50
596 2418 634 2435 =
675 2406 871 2438 Hoffmann.
908 2406 993 2447 Syll.
1032 2406 1111 2447 lim..
1149 2405 1206 2436 Gr.
1243 2404 1307 2436 ΜΓ»
1343 2404 1461 2445 (snpra
1498 2404 1664 2445 scriptum
1700 2408 1751 2435 est

116 2463 302 2496 defunctae
339 2473 464 2496 nomen
501 2460 707 2504 Καλλιστώ,
742 2463 843 2495 euius
880 2463 913 2494 in
952 2463 1024 2503 ipsa
1061 2472 1201 2503 quoquo,
1238 2462 1389 2492 sorinuizi
1424 2460 1751 2492 commemorandae

117 2520 187 2552 fuit
215 2521 368 2561 occ-asin,
398 2520 490 2552 infra
522 2520 742 2552 dedicati-iris
777 2516 986 2559 Εὐκολιίἠ),
1023 2518 1059 2550 Κ.
1092 2518 1136 2549 us»
1170 2528 1207 2545 =
1244 2517 1280 2548 ΙΙ.
1313 2516 1378 2548 4⁶.)ss
1410 2516 1495 2558 (qua
1528 2516 1751 2557 inscriptioni·

118 2576 203 2608 mihi
238 2577 408 2608 utendum
442 2577 509 2608 erit
540 2577 556 2615 ,ξ
580 2575 677 2617 1223),
715 2576 750 2607 Κ.
777 2574 821 2606 (39
847 2586 885 2603 =
915 2575 951 2607 Η.
978 2574 1018 2607 77
1052 2574 1103 2614 (in
1128 2584 1199 2616 qua
1226 2584 1267 2605 ue
1295 2574 1422 2605 moi-tui
1449 2573 1592 2615 quidem
1620 2572 1750 2604 nomini

116 2632 152 2665 in
186 2632 335 2665 formula
369 2633 463 2665 locus
495 2633 606 2674 erat),
640 2633 676 2664 Κ.
704 2632 741 2664 71
773 2643 811 2660 =
845 2632 880 2663 ΙΙ.
907 2632 949 2662 83
981 2632 1089 2667 (iufra
1118 2631 1265 2662 invisum
1291 2634 1345 2661 est
1369 2640 1447 2661 cum
1476 2630 1600 2660 nomeu
1627 2629 1752 2660 sororis

115 2687 311 2721 dedicantis
334 2693 410 2721 tum
438 2699 564 2722 nornen
591 2690 740 2730 mortui,
765 2689 825 2730 qui
853 2690 887 2720 iu
913 2688 1054 2719 exordio
1079 2698 1222 2729 «lutoque
1250 2685 1449 2724 lambitur),
1479 2685 1572 2716 ihm
1595 2695 1633 2712 =
1659 2685 1751 2717 il.:3:3

116 2743 238 2787 (quam
274 2746 326 2778 rr.
357 2747 481 2778 ati'errc
515 2756 582 2778 non
617 2746 747 2787 potuit,
779 2746 862 2787 quia
890 2745 1075 2776 Hoffmann
1102 2745 1244 2775 demum
1271 2753 1310 2774 vx
1338 2742 1420 2773 (ΠΛ.
1450 2741 1500 2773 Ν.
1530 2739 1607 2772 '091⁸
1632 2751 1660 2781 p.
1692 2740 1751 2772 114

118 2801 260 2834 nomina
293 2801 489 2843 subscripta
524 2802 680 2834 versibus
715 2801 903 2843 apposuit).
941 2803 1036 2839 Quae
1061 2805 1180 2832 :uitem
1209 2799 1380 2840 imprimis
1404 2808 1425 2829 a
1450 2798 1596 2838 mogon-0
1622 2796 1751 2828 auxilio

117 2858 279 2890 arcessita
311 2862 364 2890 est
396 2858 573 2900 inscriptio
606 2858 643 2890 Κ.
669 2857 732 2889 488
759 2868 797 2885 =
827 2857 863 2888 Η.
889 2855 972 2896 171,
1004 2867 1044 2887 eu
1070 2856 1156 2888 nihil
1183 2856 1464 2893 demonstratur,
1497 2864 1579 2885 sune
1606 2863 1672 2884 uon
1699 2856 1748 2883 ost

118 2913 286 2954 formula,
317 2914 375 2947 sed
409 2915 519 2946 scitus
542 2915 568 2946 si
596 2915 720 2946 suisset
744 2917 863 2955 poeta,
897 2913 1105 2944 «iedicntoris
1131 2912 1221 2953 quoni
1251 2922 1343 2943 num·
1368 2910 1599 2942 subscribitur
1624 2918 1748 2940 nonu-n

120 2970 274 3003 versibus
298 2971 380 3012 ipsis
404 2971 591 3003 intuiisset.
624 2970 807 3002 Praeterea
831 2979 953 3001 omnes
979 2968 1221 3009 inscriptiones
1247 2968 1409 2999 iaudutue
1436 2965 1643 2997 rei-,entiores
1667 2968 1748 2994 sunt

116 3042 160 3049 —
194 3026 266 3060 fere
299 3037 422 3060 omnes
456 3027 620 3059 exeuntis
654 3027 771 3069 quinti
807 3025 936 3058 saeculi
973 3042 1033 3065 —,
1068 3034 1176 3066 quam
1215 3028 1253 3055 ut
1289 3024 1322 3055 in
1359 3027 1475 3054 nostra
1507 3021 1749 3061 disquisitione

4 3065 7 3067 -
33 3079 57 3132 ‘34
118 3082 307 3124 quicquam
332 3083 488 3125 probent.
