<?xml version="1.0" encoding="UTF-8"?>
<!DOCTYPE html PUBLIC "-//W3C//DTD XHTML 1.0 Transitional//EN"
    "http://www.w3.org/TR/xhtml1/DTD/xhtml1-transitional.dtd">
<html xmlns="http://www.w3.org/1999/xhtml" xml:lang="en" lang="en">
 <head>
  <title>
</title>
<meta http-equiv="Content-Type" content="text/html;charset=utf-8" />
  <meta name='ocr-system' content='tesseract 3.04.00' />
  <meta name='ocr-capabilities' content='ocr_page ocr_carea ocr_par ocr_line ocrx_word'/>
</head>
<body>
  <div class='ocr_page' id='page_1' title='image "./deepigrammatasim00boasuoft_0239.png"; bbox 0 0 2072 3568; ppageno 0'>
   <div class='ocr_carea' id='block_1_1' title="bbox 940 234 1792 286">
    <p class='ocr_par' dir='ltr' id='par_1_1' title="bbox 940 234 1792 286">
     <span class='ocr_line' id='line_1_1' title="bbox 940 234 1792 286; baseline -0.001 -11"><span class='ocrx_word' id='word_1_1' title='bbox 940 236 1017 275; x_wconf 84' lang='lat'>217</span> <span class='ocrx_word' id='word_1_2' title='bbox 1512 234 1538 286; x_wconf 66' lang='lat' dir='ltr'><strong>g</strong></span> <span class='ocrx_word' id='word_1_3' title='bbox 1570 235 1668 285; x_wconf 83' lang='lat'>127,</span> <span class='ocrx_word' id='word_1_4' title='bbox 1703 235 1792 274; x_wconf 84' lang='lat'>128.</span> 
     </span>
    </p>
   </div>
   <div class='ocr_carea' id='block_1_2' title="bbox 151 359 1800 1064">
    <p class='ocr_par' dir='ltr' id='par_1_2' title="bbox 151 359 1800 1064">
     <span class='ocr_line' id='line_1_2' title="bbox 163 359 1796 411; baseline -0.002 -10"><span class='ocrx_word' id='word_1_5' title='bbox 163 362 546 402; x_wconf 89' lang='lat' dir='ltr'>demonstrativum</span> <span class='ocrx_word' id='word_1_6' title='bbox 574 373 668 400; x_wconf 86' lang='lat' dir='ltr'>csse</span> <span class='ocrx_word' id='word_1_7' title='bbox 695 361 1100 411; x_wconf 88' lang='lat' dir='ltr'>epigrammatisque</span> <span class='ocrx_word' id='word_1_8' title='bbox 1131 361 1205 399; x_wconf 92' lang='lat'>102</span> <span class='ocrx_word' id='word_1_9' title='bbox 1234 360 1522 399; x_wconf 90' lang='lat' dir='ltr'>imitationem.</span> <span class='ocrx_word' id='word_1_10' title='bbox 1556 359 1675 404; x_wconf 86' lang='lat' dir='ltr'>Quae</span> <span class='ocrx_word' id='word_1_11' title='bbox 1695 359 1796 397; x_wconf 91' lang='lat' dir='ltr'>mihi</span> 
     </span>
     <span class='ocr_line' id='line_1_3' title="bbox 163 422 1798 476; baseline -0.003 -9"><span class='ocrx_word' id='word_1_12' title='bbox 163 429 277 468; x_wconf 83' lang='lat' dir='ltr'>certa</span> <span class='ocrx_word' id='word_1_13' title='bbox 316 426 563 465; x_wconf 84' lang='lat' dir='ltr'><strong>imitationis</strong></span> <span class='ocrx_word' id='word_1_14' title='bbox 604 426 758 465; x_wconf 90' lang='lat' dir='ltr'>indicia</span> <span class='ocrx_word' id='word_1_15' title='bbox 797 426 1045 475; x_wconf 87' lang='lat' dir='ltr'>videantur,</span> <span class='ocrx_word' id='word_1_16' title='bbox 1091 425 1300 464; x_wconf 82' lang='lat' dir='ltr'>indicabo.</span> <span class='ocrx_word' id='word_1_17' title='bbox 1347 425 1496 463; x_wconf 85' lang='lat' dir='ltr'>Verbis</span> <span class='ocrx_word' id='word_1_18' title='bbox 1535 422 1798 476; x_wconf 75' lang='grc' dir='ltr'><em>εὐθυμάχων</em></span> 
     </span>
     <span class='ocr_line' id='line_1_4' title="bbox 163 490 1796 543; baseline -0.002 -11"><span class='ocrx_word' id='word_1_19' title='bbox 163 491 339 543; x_wconf 76' lang='grc' dir='ltr'><em>ἀνδρῶν,</em></span> <span class='ocrx_word' id='word_1_20' title='bbox 352 490 622 543; x_wconf 81' lang='grc' dir='ltr'><em>μνησώμεθα</em></span> <span class='ocrx_word' id='word_1_21' title='bbox 643 492 852 541; x_wconf 89' lang='lat' dir='ltr'>hymnum</span> <span class='ocrx_word' id='word_1_22' title='bbox 871 491 1056 530; x_wconf 85' lang='lat' dir='ltr'>exordiri</span> <span class='ocrx_word' id='word_1_23' title='bbox 1076 492 1242 541; x_wconf 90' lang='lat' dir='ltr'>poetam</span> <span class='ocrx_word' id='word_1_24' title='bbox 1262 491 1503 540; x_wconf 90' lang='lat' dir='ltr'>putaveris,</span> <span class='ocrx_word' id='word_1_25' title='bbox 1533 490 1635 539; x_wconf 88' lang='lat' dir='ltr'>quid</span> <span class='ocrx_word' id='word_1_26' title='bbox 1657 492 1796 529; x_wconf 86' lang='lat' dir='ltr'>autern</span> 
     </span>
     <span class='ocr_line' id='line_1_5' title="bbox 164 554 1797 607; baseline -0.002 -11"><span class='ocrx_word' id='word_1_27' title='bbox 164 556 387 607; x_wconf 70' lang='lat' dir='ltr'>sequitur?</span> <span class='ocrx_word' id='word_1_28' title='bbox 433 586 441 595; x_wconf 96' lang='lat'>.</span> <span class='ocrx_word' id='word_1_29' title='bbox 477 587 485 595; x_wconf 92' lang='lat'>.</span> <span class='ocrx_word' id='word_1_30' title='bbox 521 586 530 595; x_wconf 86' lang='lat'>.</span> <span class='ocrx_word' id='word_1_31' title='bbox 565 586 574 595; x_wconf 93' lang='lat'>.</span> <span class='ocrx_word' id='word_1_32' title='bbox 616 557 700 595; x_wconf 84' lang='grc' dir='ltr'>τῶν</span> <span class='ocrx_word' id='word_1_33' title='bbox 742 554 816 595; x_wconf 88' lang='grc' dir='ltr'><em>ὅδε</em></span> <span class='ocrx_word' id='word_1_34' title='bbox 858 555 1038 607; x_wconf 85' lang='grc' dir='ltr'><em>τύμβος,</em></span> <span class='ocrx_word' id='word_1_35' title='bbox 1084 556 1209 605; x_wconf 90' lang='lat' dir='ltr'>quale</span> <span class='ocrx_word' id='word_1_36' title='bbox 1250 556 1585 594; x_wconf 87' lang='lat' dir='ltr'>additamentum</span> <span class='ocrx_word' id='word_1_37' title='bbox 1628 555 1797 593; x_wconf 91' lang='lat' dir='ltr'>nonnisi</span> 
     </span>
     <span class='ocr_line' id='line_1_6' title="bbox 163 620 1797 672; baseline -0.002 -11"><span class='ocrx_word' id='word_1_38' title='bbox 163 622 336 662; x_wconf 89' lang='lat' dir='ltr'>obvium</span> <span class='ocrx_word' id='word_1_39' title='bbox 371 622 415 660; x_wconf 91' lang='lat' dir='ltr'>in</span> <span class='ocrx_word' id='word_1_40' title='bbox 444 621 763 672; x_wconf 85' lang='lat' dir='ltr'>epigrammatis</span> <span class='ocrx_word' id='word_1_41' title='bbox 792 621 1077 671; x_wconf 90' lang='lat' dir='ltr'>genuinarum</span> <span class='ocrx_word' id='word_1_42' title='bbox 1106 621 1431 670; x_wconf 83' lang='lat' dir='ltr'>inscriptionum</span> <span class='ocrx_word' id='word_1_43' title='bbox 1462 620 1642 669; x_wconf 89' lang='lat' dir='ltr'>speciem</span> <span class='ocrx_word' id='word_1_44' title='bbox 1673 620 1797 658; x_wconf 84' lang='lat' dir='ltr'>affec-</span> 
     </span>
     <span class='ocr_line' id='line_1_7' title="bbox 163 685 1797 735; baseline -0.002 -9"><span class='ocrx_word' id='word_1_45' title='bbox 163 688 352 727; x_wconf 85' lang='lat' dir='ltr'>tantibus</span> <span class='ocrx_word' id='word_1_46' title='bbox 389 687 474 726; x_wconf 91' lang='lat' dir='ltr'>iam</span> <span class='ocrx_word' id='word_1_47' title='bbox 511 687 631 726; x_wconf 90' lang='lat' dir='ltr'>docet</span> <span class='ocrx_word' id='word_1_48' title='bbox 668 698 839 726; x_wconf 87' lang='lat' dir='ltr'>carmen</span> <span class='ocrx_word' id='word_1_49' title='bbox 876 698 971 725; x_wconf 90' lang='lat' dir='ltr'>esse</span> <span class='ocrx_word' id='word_1_50' title='bbox 1007 686 1329 725; x_wconf 87' lang='lat' dir='ltr'>demonstrativi</span> <span class='ocrx_word' id='word_1_51' title='bbox 1367 685 1556 735; x_wconf 90' lang='lat' dir='ltr'>generis,</span> <span class='ocrx_word' id='word_1_52' title='bbox 1599 685 1651 723; x_wconf 81' lang='lat' dir='ltr'>cf.</span> <span class='ocrx_word' id='word_1_53' title='bbox 1681 685 1797 723; x_wconf 90' lang='lat' dir='ltr'>Mna-</span> 
     </span>
     <span class='ocr_line' id='line_1_8' title="bbox 164 738 1794 802; baseline -0.003 -10"><span class='ocrx_word' id='word_1_54' title='bbox 164 752 301 792; x_wconf 84' lang='lat' dir='ltr'>salcae</span> <span class='ocrx_word' id='word_1_55' title='bbox 336 753 440 791; x_wconf 91' lang='lat' dir='ltr'>imit.</span> <span class='ocrx_word' id='word_1_56' title='bbox 481 751 584 791; x_wconf 87' lang='lat' dir='ltr'>Sim.</span> <span class='ocrx_word' id='word_1_57' title='bbox 618 738 888 802; x_wconf 80' lang='lat' dir='ltr'>Thermopyl.</span> <span class='ocrx_word' id='word_1_58' title='bbox 922 763 987 801; x_wconf 86' lang='lat' dir='ltr'>ep.</span> <span class='ocrx_word' id='word_1_59' title='bbox 1016 752 1110 790; x_wconf 93' lang='lat' dir='ltr'>VII.</span> <span class='ocrx_word' id='word_1_60' title='bbox 1143 751 1265 801; x_wconf 86' lang='lat'>242,3</span> <span class='ocrx_word' id='word_1_61' title='bbox 1301 762 1364 799; x_wconf 88' lang='lat' dir='ltr'>sq.</span> <span class='ocrx_word' id='word_1_62' title='bbox 1401 749 1447 801; x_wconf 64' lang='grc' dir='ltr'>(ξ</span> <span class='ocrx_word' id='word_1_63' title='bbox 1486 748 1580 799; x_wconf 87' lang='grc'><strong>125)</strong></span> <span class='ocrx_word' id='word_1_64' title='bbox 1617 751 1656 788; x_wconf 89' lang='lat' dir='ltr'>et</span> <span class='ocrx_word' id='word_1_65' title='bbox 1690 749 1794 787; x_wconf 92' lang='lat' dir='ltr'>imit.</span> 
     </span>
     <span class='ocr_line' id='line_1_9' title="bbox 161 815 1793 868; baseline -0.003 -11"><span class='ocrx_word' id='word_1_66' title='bbox 161 817 268 858; x_wconf 87' lang='lat' dir='ltr'>Sim.</span> <span class='ocrx_word' id='word_1_67' title='bbox 303 818 480 868; x_wconf 89' lang='lat' dir='ltr'>Eurym.</span> <span class='ocrx_word' id='word_1_68' title='bbox 509 817 603 856; x_wconf 91' lang='lat' dir='ltr'>VII.</span> <span class='ocrx_word' id='word_1_69' title='bbox 636 817 758 866; x_wconf 86' lang='lat'>443,4</span> <span class='ocrx_word' id='word_1_70' title='bbox 794 834 847 848; x_wconf 91' lang='lat'><strong><em>=</em></strong></span> <span class='ocrx_word' id='word_1_71' title='bbox 879 816 981 856; x_wconf 90' lang='lat' dir='ltr'>Sim.</span> <span class='ocrx_word' id='word_1_72' title='bbox 1018 816 1092 855; x_wconf 89' lang='lat'>106</span> <span class='ocrx_word' id='word_1_73' title='bbox 1124 815 1170 866; x_wconf 66' lang='grc' dir='ltr'>(ξ</span> <span class='ocrx_word' id='word_1_74' title='bbox 1203 815 1312 866; x_wconf 89' lang='grc'><strong>127).</strong></span> <span class='ocrx_word' id='word_1_75' title='bbox 1348 816 1579 865; x_wconf 84' lang='lat' dir='ltr'>Compara,</span> <span class='ocrx_word' id='word_1_76' title='bbox 1613 826 1793 863; x_wconf 86' lang='lat' dir='ltr'>quaeso,</span> 
     </span>
     <span class='ocr_line' id='line_1_10' title="bbox 163 880 1798 934; baseline -0.003 -12"><span class='ocrx_word' id='word_1_77' title='bbox 163 883 480 934; x_wconf 84' lang='lat' dir='ltr'>epigrammatis</span> <span class='ocrx_word' id='word_1_78' title='bbox 524 882 599 921; x_wconf 88' lang='lat'>102</span> <span class='ocrx_word' id='word_1_79' title='bbox 642 882 950 931; x_wconf 90' lang='lat' dir='ltr'>simplicitatem</span> <span class='ocrx_word' id='word_1_80' title='bbox 994 894 1090 921; x_wconf 90' lang='lat' dir='ltr'>cum</span> <span class='ocrx_word' id='word_1_81' title='bbox 1128 881 1302 920; x_wconf 90' lang='lat' dir='ltr'>tumidis</span> <span class='ocrx_word' id='word_1_82' title='bbox 1341 883 1468 930; x_wconf 89' lang='lat' dir='ltr'>atque</span> <span class='ocrx_word' id='word_1_83' title='bbox 1505 880 1798 930; x_wconf 87' lang='lat' dir='ltr'>grandiloquis</span> 
     </span>
     <span class='ocr_line' id='line_1_11' title="bbox 151 945 1799 998; baseline -0.003 -11"><span class='ocrx_word' id='word_1_84' title='bbox 151 948 306 988; x_wconf 78' lang='lat' dir='ltr'>&#39;verbis</span> <span class='ocrx_word' id='word_1_85' title='bbox 334 948 654 998; x_wconf 86' lang='lat' dir='ltr'>epigrammatis</span> <span class='ocrx_word' id='word_1_86' title='bbox 685 947 779 995; x_wconf 88' lang='lat'>103;</span> <span class='ocrx_word' id='word_1_87' title='bbox 820 959 1024 996; x_wconf 90' lang='lat' dir='ltr'>compone</span> <span class='ocrx_word' id='word_1_88' title='bbox 1052 947 1267 996; x_wconf 84' lang='lat' dir='ltr'>epitheton</span> <span class='ocrx_word' id='word_1_89' title='bbox 1297 946 1479 995; x_wconf 89' lang='lat' dir='ltr'>Tegeae,</span> <span class='ocrx_word' id='word_1_90' title='bbox 1518 957 1628 994; x_wconf 91' lang='lat' dir='ltr'>quae</span> <span class='ocrx_word' id='word_1_91' title='bbox 1656 945 1699 982; x_wconf 92' lang='lat' dir='ltr'>in</span> <span class='ocrx_word' id='word_1_92' title='bbox 1729 945 1799 982; x_wconf 90' lang='lat' dir='ltr'>illo</span> 
     </span>
     <span class='ocr_line' id='line_1_12' title="bbox 163 1009 1800 1064; baseline -0.002 -13"><span class='ocrx_word' id='word_1_93' title='bbox 163 1023 228 1062; x_wconf 91' lang='lat' dir='ltr'>ep.</span> <span class='ocrx_word' id='word_1_94' title='bbox 253 1013 383 1051; x_wconf 90' lang='lat' dir='ltr'>nitide</span> <span class='ocrx_word' id='word_1_95' title='bbox 406 1014 534 1061; x_wconf 90' lang='lat' dir='ltr'>atque</span> <span class='ocrx_word' id='word_1_96' title='bbox 553 1012 777 1062; x_wconf 90' lang='lat' dir='ltr'>insigniter</span> <span class='ocrx_word' id='word_1_97' title='bbox 798 1011 1032 1064; x_wconf 81' lang='grc' dir='ltr'><em>εὒρύχορος</em></span> <span class='ocrx_word' id='word_1_98' title='bbox 1052 1012 1205 1051; x_wconf 89' lang='lat' dir='ltr'>dicitur</span> <span class='ocrx_word' id='word_1_99' title='bbox 1229 1034 1276 1039; x_wconf 82' lang='lat'>--</span> <span class='ocrx_word' id='word_1_100' title='bbox 1299 1011 1484 1049; x_wconf 84' lang='lat' dir='ltr'>flammis</span> <span class='ocrx_word' id='word_1_101' title='bbox 1506 1011 1617 1048; x_wconf 91' lang='lat' dir='ltr'>enim</span> <span class='ocrx_word' id='word_1_102' title='bbox 1640 1009 1800 1059; x_wconf 82' lang='lat' dir='ltr'>ampla</span> 
     </span>
    </p>
   </div>
   <div class='ocr_carea' id='block_1_3' title="bbox 164 1075 1892 1128">
    <p class='ocr_par' dir='ltr' id='par_1_3' title="bbox 164 1075 1892 1128">
     <span class='ocr_line' id='line_1_13' title="bbox 164 1075 1892 1128; baseline -0.002 -12"><span class='ocrx_word' id='word_1_103' title='bbox 164 1077 269 1116; x_wconf 90' lang='lat' dir='ltr'>urbs</span> <span class='ocrx_word' id='word_1_104' title='bbox 298 1078 626 1128; x_wconf 87' lang='lat' dir='ltr'>conflagrasset,</span> <span class='ocrx_word' id='word_1_105' title='bbox 660 1078 742 1116; x_wconf 90' lang='lat' dir='ltr'>nisi</span> <span class='ocrx_word' id='word_1_106' title='bbox 771 1077 884 1116; x_wconf 89' lang='lat' dir='ltr'>cives</span> <span class='ocrx_word' id='word_1_107' title='bbox 912 1078 1139 1116; x_wconf 88' lang='lat' dir='ltr'>imminens</span> <span class='ocrx_word' id='word_1_108' title='bbox 1168 1077 1403 1126; x_wconf 88' lang='lat' dir='ltr'>periculum</span> <span class='ocrx_word' id='word_1_109' title='bbox 1433 1075 1799 1124; x_wconf 87' lang='lat' dir='ltr'>propulsavissent</span> <span class='ocrx_word' id='word_1_110' title='bbox 1879 1101 1892 1117; x_wconf 67' lang='lat'>.</span> 
     </span>
    </p>
   </div>
   <div class='ocr_carea' id='block_1_4' title="bbox 164 1140 1802 2498">
    <p class='ocr_par' dir='ltr' id='par_1_4' title="bbox 164 1140 1801 1587">
     <span class='ocr_line' id='line_1_14' title="bbox 164 1140 1798 1194; baseline -0.003 -12"><span class='ocrx_word' id='word_1_111' title='bbox 164 1165 216 1170; x_wconf 92' lang='lat'>—</span> <span class='ocrx_word' id='word_1_112' title='bbox 242 1155 339 1182; x_wconf 92' lang='lat' dir='ltr'>cum</span> <span class='ocrx_word' id='word_1_113' title='bbox 370 1143 490 1182; x_wconf 90' lang='lat' dir='ltr'>urbis</span> <span class='ocrx_word' id='word_1_114' title='bbox 518 1143 701 1193; x_wconf 90' lang='lat' dir='ltr'>epitheto</span> <span class='ocrx_word' id='word_1_115' title='bbox 730 1143 772 1181; x_wconf 93' lang='lat' dir='ltr'>in</span> <span class='ocrx_word' id='word_1_116' title='bbox 802 1155 867 1192; x_wconf 92' lang='lat' dir='ltr'>ep.</span> <span class='ocrx_word' id='word_1_117' title='bbox 899 1143 972 1181; x_wconf 87' lang='grc'>103</span> <span class='ocrx_word' id='word_1_118' title='bbox 1002 1141 1206 1194; x_wconf 77' lang='grc' dir='ltr'><em>εὔμηλος,</em></span> <span class='ocrx_word' id='word_1_119' title='bbox 1241 1141 1355 1191; x_wconf 92' lang='lat' dir='ltr'>quod</span> <span class='ocrx_word' id='word_1_120' title='bbox 1385 1153 1470 1180; x_wconf 92' lang='lat' dir='ltr'>non</span> <span class='ocrx_word' id='word_1_121' title='bbox 1500 1140 1596 1178; x_wconf 91' lang='lat' dir='ltr'>urbi</span> <span class='ocrx_word' id='word_1_122' title='bbox 1627 1140 1699 1178; x_wconf 91' lang='lat' dir='ltr'>sed</span> <span class='ocrx_word' id='word_1_123' title='bbox 1725 1140 1798 1178; x_wconf 86' lang='lat' dir='ltr'>toti</span> 
     </span>
     <span class='ocr_line' id='line_1_15' title="bbox 165 1205 1794 1259; baseline -0.002 -12"><span class='ocrx_word' id='word_1_124' title='bbox 165 1209 325 1259; x_wconf 88' lang='lat' dir='ltr'>regioni</span> <span class='ocrx_word' id='word_1_125' title='bbox 354 1210 499 1258; x_wconf 87' lang='lat' dir='ltr'>aptum</span> <span class='ocrx_word' id='word_1_126' title='bbox 529 1210 593 1247; x_wconf 89' lang='lat' dir='ltr'>est</span> <span class='ocrx_word' id='word_1_127' title='bbox 624 1206 843 1259; x_wconf 79' lang='grc' dir='ltr'><em>(Ἀρκαδία</em></span> <span class='ocrx_word' id='word_1_128' title='bbox 873 1205 1058 1259; x_wconf 80' lang='grc' dir='ltr'><em>εὔμηλος</em></span> <span class='ocrx_word' id='word_1_129' title='bbox 1088 1207 1208 1246; x_wconf 88' lang='lat' dir='ltr'>Pind.</span> <span class='ocrx_word' id='word_1_130' title='bbox 1242 1207 1291 1246; x_wconf 92' lang='lat' dir='ltr'>O.</span> <span class='ocrx_word' id='word_1_131' title='bbox 1325 1207 1362 1246; x_wconf 88' lang='lat'>6.</span> <span class='ocrx_word' id='word_1_132' title='bbox 1398 1207 1496 1256; x_wconf 90' lang='lat'>170,</span> <span class='ocrx_word' id='word_1_133' title='bbox 1530 1206 1703 1244; x_wconf 91' lang='lat' dir='ltr'>Theocr.</span> <span class='ocrx_word' id='word_1_134' title='bbox 1731 1205 1794 1243; x_wconf 91' lang='lat'>22.</span> 
     </span>
     <span class='ocr_line' id='line_1_16' title="bbox 166 1268 1795 1324; baseline -0.003 -12"><span class='ocrx_word' id='word_1_135' title='bbox 166 1272 276 1324; x_wconf 84' lang='lat'>157).</span> <span class='ocrx_word' id='word_1_136' title='bbox 335 1274 469 1312; x_wconf 87' lang='lat' dir='ltr'>Metro</span> <span class='ocrx_word' id='word_1_137' title='bbox 515 1276 687 1313; x_wconf 88' lang='lat' dir='ltr'>coactus</span> <span class='ocrx_word' id='word_1_138' title='bbox 733 1273 918 1312; x_wconf 86' lang='lat' dir='ltr'>imitator</span> <span class='ocrx_word' id='word_1_139' title='bbox 959 1273 1076 1322; x_wconf 91' lang='lat' dir='ltr'>epico</span> <span class='ocrx_word' id='word_1_140' title='bbox 1120 1284 1227 1311; x_wconf 91' lang='lat' dir='ltr'>usus</span> <span class='ocrx_word' id='word_1_141' title='bbox 1269 1274 1333 1310; x_wconf 87' lang='lat' dir='ltr'>est</span> <span class='ocrx_word' id='word_1_142' title='bbox 1375 1272 1569 1322; x_wconf 87' lang='lat' dir='ltr'>genetivo</span> <span class='ocrx_word' id='word_1_143' title='bbox 1610 1268 1795 1321; x_wconf 80' lang='grc' dir='ltr'><em>πόληος,</em></span> 
     </span>
     <span class='ocr_line' id='line_1_17' title="bbox 165 1335 1794 1388; baseline -0.004 -10"><span class='ocrx_word' id='word_1_144' title='bbox 165 1339 329 1378; x_wconf 88' lang='lat' dir='ltr'>studuit</span> <span class='ocrx_word' id='word_1_145' title='bbox 366 1339 476 1378; x_wconf 91' lang='lat' dir='ltr'>enim</span> <span class='ocrx_word' id='word_1_146' title='bbox 508 1339 763 1378; x_wconf 88' lang='lat' dir='ltr'>vocabulum</span> <span class='ocrx_word' id='word_1_147' title='bbox 792 1336 933 1388; x_wconf 84' lang='grc' dir='ltr'><em>πόλις,</em></span> <span class='ocrx_word' id='word_1_148' title='bbox 975 1339 1022 1377; x_wconf 93' lang='lat' dir='ltr'>ut</span> <span class='ocrx_word' id='word_1_149' title='bbox 1051 1338 1171 1376; x_wconf 92' lang='lat' dir='ltr'>urbis</span> <span class='ocrx_word' id='word_1_150' title='bbox 1201 1337 1336 1387; x_wconf 89' lang='lat' dir='ltr'>ipsius</span> <span class='ocrx_word' id='word_1_151' title='bbox 1367 1348 1518 1375; x_wconf 90' lang='lat' dir='ltr'>nomen</span> <span class='ocrx_word' id='word_1_152' title='bbox 1552 1335 1691 1386; x_wconf 89' lang='grc'><strong>(102,2</strong></span> <span class='ocrx_word' id='word_1_153' title='bbox 1721 1335 1794 1372; x_wconf 91' lang='lat' dir='ltr'>fin.</span> 
     </span>
     <span class='ocr_line' id='line_1_18' title="bbox 169 1401 1801 1455; baseline -0.003 -12"><span class='ocrx_word' id='word_1_154' title='bbox 169 1401 319 1455; x_wconf 85' lang='grc' dir='ltr'><em>Τεγέας</em></span> <span class='ocrx_word' id='word_1_155' title='bbox 359 1431 403 1435; x_wconf 77' lang='lat'>-</span> <span class='ocrx_word' id='word_1_156' title='bbox 447 1405 566 1454; x_wconf 84' lang='lat'>103,2</span> <span class='ocrx_word' id='word_1_157' title='bbox 604 1405 678 1443; x_wconf 86' lang='lat' dir='ltr'>fin.</span> <span class='ocrx_word' id='word_1_158' title='bbox 723 1402 915 1455; x_wconf 88' lang='grc' dir='ltr'><em>Τεγέαν),</em></span> <span class='ocrx_word' id='word_1_159' title='bbox 957 1404 1102 1442; x_wconf 91' lang='lat' dir='ltr'>eadem</span> <span class='ocrx_word' id='word_1_160' title='bbox 1142 1403 1241 1442; x_wconf 88' lang='lat' dir='ltr'>sede</span> <span class='ocrx_word' id='word_1_161' title='bbox 1279 1414 1451 1441; x_wconf 88' lang='lat' dir='ltr'>servare</span> <span class='ocrx_word' id='word_1_162' title='bbox 1489 1402 1530 1439; x_wconf 89' lang='lat' dir='ltr'>in</span> <span class='ocrx_word' id='word_1_163' title='bbox 1570 1401 1801 1439; x_wconf 88' lang='lat' dir='ltr'>imitatione</span> 
     </span>
     <span class='ocr_line' id='line_1_19' title="bbox 164 1464 1801 1520; baseline -0.003 -12"><span class='ocrx_word' id='word_1_164' title='bbox 164 1470 293 1519; x_wconf 87' lang='lat' dir='ltr'>atque</span> <span class='ocrx_word' id='word_1_165' title='bbox 337 1470 379 1508; x_wconf 89' lang='lat' dir='ltr'>in</span> <span class='ocrx_word' id='word_1_166' title='bbox 422 1470 727 1520; x_wconf 87' lang='lat' dir='ltr'>epigrammate</span> <span class='ocrx_word' id='word_1_167' title='bbox 756 1469 957 1509; x_wconf 83' lang='lat' dir='ltr'>subiecto</span> <span class='ocrx_word' id='word_1_168' title='bbox 1002 1468 1141 1519; x_wconf 87' lang='lat'>(102,3</span> <span class='ocrx_word' id='word_1_169' title='bbox 1184 1471 1282 1508; x_wconf 89' lang='lat' dir='ltr'>ante</span> <span class='ocrx_word' id='word_1_170' title='bbox 1324 1479 1545 1507; x_wconf 90' lang='lat' dir='ltr'>caesuram</span> <span class='ocrx_word' id='word_1_171' title='bbox 1586 1464 1706 1504; x_wconf 89' lang='grc' dir='ltr'><em>πόλιν</em></span> <span class='ocrx_word' id='word_1_172' title='bbox 1750 1487 1801 1492; x_wconf 92' lang='lat'>—-</span> 
     </span>
     <span class='ocr_line' id='line_1_20' title="bbox 166 1533 883 1587; baseline 0.003 -15"><span class='ocrx_word' id='word_1_173' title='bbox 166 1533 286 1583; x_wconf 85' lang='lat'>103,3</span> <span class='ocrx_word' id='word_1_174' title='bbox 315 1536 413 1573; x_wconf 87' lang='lat' dir='ltr'>ante</span> <span class='ocrx_word' id='word_1_175' title='bbox 440 1547 662 1574; x_wconf 90' lang='lat' dir='ltr'>caesuram</span> <span class='ocrx_word' id='word_1_176' title='bbox 690 1533 883 1587; x_wconf 86' lang='grc' dir='ltr'><em>πόληος).</em></span> 
     </span>
    </p>

    <p class='ocr_par' dir='ltr' id='par_1_5' title="bbox 165 1597 1802 2498">
     <span class='ocr_line' id='line_1_21' title="bbox 218 1597 1799 1650; baseline -0.003 -12"><span class='ocrx_word' id='word_1_177' title='bbox 218 1599 375 1639; x_wconf 89' lang='lat' dir='ltr'>Auctor</span> <span class='ocrx_word' id='word_1_178' title='bbox 412 1600 543 1649; x_wconf 88' lang='lat' dir='ltr'>igitur</span> <span class='ocrx_word' id='word_1_179' title='bbox 580 1601 899 1650; x_wconf 85' lang='lat' dir='ltr'>epigrammatis</span> <span class='ocrx_word' id='word_1_180' title='bbox 931 1600 1005 1639; x_wconf 85' lang='lat'>103</span> <span class='ocrx_word' id='word_1_181' title='bbox 1035 1600 1115 1638; x_wconf 90' lang='lat' dir='ltr'>sibi</span> <span class='ocrx_word' id='word_1_182' title='bbox 1144 1600 1446 1649; x_wconf 90' lang='lat' dir='ltr'>proposuerat,</span> <span class='ocrx_word' id='word_1_183' title='bbox 1490 1600 1535 1636; x_wconf 89' lang='lat' dir='ltr'>ut</span> <span class='ocrx_word' id='word_1_184' title='bbox 1565 1597 1799 1636; x_wconf 89' lang='lat' dir='ltr'>secundum</span> 
     </span>
     <span class='ocr_line' id='line_1_22' title="bbox 166 1662 1799 1715; baseline -0.002 -13"><span class='ocrx_word' id='word_1_185' title='bbox 166 1665 484 1714; x_wconf 88' lang='lat' dir='ltr'>epigrammatis</span> <span class='ocrx_word' id='word_1_186' title='bbox 525 1665 756 1704; x_wconf 90' lang='lat' dir='ltr'>Simonidei</span> <span class='ocrx_word' id='word_1_187' title='bbox 793 1665 1001 1715; x_wconf 90' lang='lat' dir='ltr'>Tegeatici</span> <span class='ocrx_word' id='word_1_188' title='bbox 1043 1665 1117 1703; x_wconf 90' lang='lat'>102</span> <span class='ocrx_word' id='word_1_189' title='bbox 1153 1664 1391 1713; x_wconf 89' lang='lat' dir='ltr'>exemplum</span> <span class='ocrx_word' id='word_1_190' title='bbox 1423 1675 1581 1701; x_wconf 92' lang='lat' dir='ltr'>novum</span> <span class='ocrx_word' id='word_1_191' title='bbox 1611 1662 1799 1700; x_wconf 88' lang='lat' dir='ltr'>eiusdem</span> 
     </span>
     <span class='ocr_line' id='line_1_23' title="bbox 165 1727 1800 1781; baseline -0.002 -13"><span class='ocrx_word' id='word_1_192' title='bbox 165 1731 406 1780; x_wconf 88' lang='lat' dir='ltr'>argumenti</span> <span class='ocrx_word' id='word_1_193' title='bbox 436 1731 634 1770; x_wconf 87' lang='lat' dir='ltr'>conderet</span> <span class='ocrx_word' id='word_1_194' title='bbox 662 1731 938 1781; x_wconf 90' lang='lat' dir='ltr'>epigramma.</span> <span class='ocrx_word' id='word_1_195' title='bbox 985 1731 1130 1779; x_wconf 90' lang='lat' dir='ltr'>Neque</span> <span class='ocrx_word' id='word_1_196' title='bbox 1158 1733 1299 1768; x_wconf 86' lang='lat' dir='ltr'>tamen</span> <span class='ocrx_word' id='word_1_197' title='bbox 1329 1729 1509 1767; x_wconf 87' lang='lat' dir='ltr'>aliorum</span> <span class='ocrx_word' id='word_1_198' title='bbox 1542 1727 1800 1766; x_wconf 91' lang='lat' dir='ltr'>Simonideo-</span> 
     </span>
     <span class='ocr_line' id='line_1_24' title="bbox 166 1790 1799 1846; baseline -0.002 -13"><span class='ocrx_word' id='word_1_199' title='bbox 166 1806 261 1833; x_wconf 87' lang='lat' dir='ltr'>rum</span> <span class='ocrx_word' id='word_1_200' title='bbox 299 1796 654 1846; x_wconf 88' lang='lat' dir='ltr'>epigrammatum</span> <span class='ocrx_word' id='word_1_201' title='bbox 693 1796 926 1834; x_wconf 84' lang='lat' dir='ltr'>sententias</span> <span class='ocrx_word' id='word_1_202' title='bbox 962 1795 1134 1845; x_wconf 90' lang='lat' dir='ltr'>sprevit.</span> <span class='ocrx_word' id='word_1_203' title='bbox 1182 1794 1429 1833; x_wconf 89' lang='lat' dir='ltr'>Adhortatio</span> <span class='ocrx_word' id='word_1_204' title='bbox 1457 1794 1598 1842; x_wconf 87' lang='lat' dir='ltr'>inepta</span> <span class='ocrx_word' id='word_1_205' title='bbox 1627 1790 1799 1844; x_wconf 85' lang='grc' dir='ltr'><em>μνησώ-</em></span> 
     </span>
     <span class='ocr_line' id='line_1_25' title="bbox 165 1857 1796 1912; baseline -0.002 -13"><span class='ocrx_word' id='word_1_206' title='bbox 165 1859 279 1910; x_wconf 78' lang='grc' dir='ltr'><em>μεθα</em></span> <span class='ocrx_word' id='word_1_207' title='bbox 312 1861 536 1912; x_wconf 88' lang='lat' dir='ltr'>desumpta</span> <span class='ocrx_word' id='word_1_208' title='bbox 565 1873 660 1900; x_wconf 86' lang='lat' dir='ltr'>esse</span> <span class='ocrx_word' id='word_1_209' title='bbox 689 1861 856 1900; x_wconf 85' lang='lat' dir='ltr'>videtur</span> <span class='ocrx_word' id='word_1_210' title='bbox 884 1873 935 1899; x_wconf 89' lang='lat' dir='ltr'>ex</span> <span class='ocrx_word' id='word_1_211' title='bbox 967 1861 1209 1900; x_wconf 89' lang='lat' dir='ltr'>Simonideo</span> <span class='ocrx_word' id='word_1_212' title='bbox 1237 1872 1301 1909; x_wconf 91' lang='lat' dir='ltr'>ep.</span> <span class='ocrx_word' id='word_1_213' title='bbox 1333 1860 1407 1898; x_wconf 90' lang='lat'>112</span> <span class='ocrx_word' id='word_1_214' title='bbox 1439 1871 1477 1897; x_wconf 92' lang='lat' dir='ltr'>v.</span> <span class='ocrx_word' id='word_1_215' title='bbox 1510 1859 1528 1897; x_wconf 89' lang='lat'>1</span> <span class='ocrx_word' id='word_1_216' title='bbox 1560 1857 1796 1909; x_wconf 82' lang='grc' dir='ltr'><em>μνήσομαι,</em></span> 
     </span>
     <span class='ocr_line' id='line_1_26' title="bbox 165 1922 1802 1975; baseline -0.002 -11"><span class='ocrx_word' id='word_1_217' title='bbox 165 1925 238 1964; x_wconf 91' lang='lat' dir='ltr'>ubi</span> <span class='ocrx_word' id='word_1_218' title='bbox 276 1927 406 1965; x_wconf 88' lang='lat' dir='ltr'>huius</span> <span class='ocrx_word' id='word_1_219' title='bbox 444 1927 539 1965; x_wconf 88' lang='lat' dir='ltr'>miri</span> <span class='ocrx_word' id='word_1_220' title='bbox 577 1927 737 1966; x_wconf 88' lang='lat' dir='ltr'>exordii</span> <span class='ocrx_word' id='word_1_221' title='bbox 777 1926 919 1965; x_wconf 87' lang='lat' dir='ltr'>statim</span> <span class='ocrx_word' id='word_1_222' title='bbox 958 1926 1151 1975; x_wconf 89' lang='lat' dir='ltr'>sequitur</span> <span class='ocrx_word' id='word_1_223' title='bbox 1188 1925 1409 1975; x_wconf 89' lang='lat' dir='ltr'>explicatio</span> <span class='ocrx_word' id='word_1_224' title='bbox 1447 1923 1498 1963; x_wconf 81' lang='grc' dir='ltr'>οὐ</span> <span class='ocrx_word' id='word_1_225' title='bbox 1538 1922 1634 1974; x_wconf 80' lang='grc' dir='ltr'>γὰρ</span> <span class='ocrx_word' id='word_1_226' title='bbox 1668 1922 1802 1961; x_wconf 77' lang='grc' dir='ltr'><em>ἔοικεν</em></span> 
     </span>
     <span class='ocr_line' id='line_1_27' title="bbox 165 1989 1801 2043; baseline -0.002 -13"><span class='ocrx_word' id='word_1_227' title='bbox 165 1989 394 2043; x_wconf 86' lang='grc' dir='ltr'><em>ἀνώνυμον</em></span> <span class='ocrx_word' id='word_1_228' title='bbox 431 1989 586 2032; x_wconf 73' lang='grc' dir='ltr'><em>ἐνθάδε</em></span> <span class='ocrx_word' id='word_1_229' title='bbox 622 1991 788 2031; x_wconf 77' lang='grc' dir='ltr'><em>κεῖσθαι</em></span> <span class='ocrx_word' id='word_1_230' title='bbox 828 2022 836 2031; x_wconf 95' lang='grc'><strong>.</strong></span> <span class='ocrx_word' id='word_1_231' title='bbox 871 2021 879 2030; x_wconf 96' lang='grc'><strong>.</strong></span> <span class='ocrx_word' id='word_1_232' title='bbox 915 2022 923 2030; x_wconf 93' lang='grc'><strong>.</strong></span> <span class='ocrx_word' id='word_1_233' title='bbox 960 2022 968 2030; x_wconf 94' lang='grc'>.</span> <span class='ocrx_word' id='word_1_234' title='bbox 1011 1989 1282 2042; x_wconf 73' lang='grc' dir='ltr'><em>Ξανθίππην,</em></span> <span class='ocrx_word' id='word_1_235' title='bbox 1325 2002 1435 2039; x_wconf 89' lang='lat' dir='ltr'>quae</span> <span class='ocrx_word' id='word_1_236' title='bbox 1471 1990 1651 2038; x_wconf 89' lang='lat' dir='ltr'>omissa,</span> <span class='ocrx_word' id='word_1_237' title='bbox 1693 1989 1801 2027; x_wconf 90' lang='lat' dir='ltr'>sicut</span> 
     </span>
     <span class='ocr_line' id='line_1_28' title="bbox 165 2054 1801 2096; baseline -0.002 -2"><span class='ocrx_word' id='word_1_238' title='bbox 165 2056 373 2096; x_wconf 89' lang='lat' dir='ltr'>eiusmodi</span> <span class='ocrx_word' id='word_1_239' title='bbox 419 2058 627 2096; x_wconf 86' lang='lat' dir='ltr'>sententia</span> <span class='ocrx_word' id='word_1_240' title='bbox 674 2057 858 2096; x_wconf 90' lang='lat' dir='ltr'>causalis</span> <span class='ocrx_word' id='word_1_241' title='bbox 904 2057 948 2095; x_wconf 91' lang='lat' dir='ltr'>in</span> <span class='ocrx_word' id='word_1_242' title='bbox 997 2057 1238 2096; x_wconf 90' lang='lat' dir='ltr'>Mnasalcae</span> <span class='ocrx_word' id='word_1_243' title='bbox 1284 2056 1515 2094; x_wconf 86' lang='lat' dir='ltr'>imitatione</span> <span class='ocrx_word' id='word_1_244' title='bbox 1560 2054 1801 2092; x_wconf 88' lang='lat' dir='ltr'>Simonidea</span> 
     </span>
     <span class='ocr_line' id='line_1_29' title="bbox 166 2120 1801 2173; baseline -0.003 -12"><span class='ocrx_word' id='word_1_245' title='bbox 166 2121 500 2172; x_wconf 82' lang='lat' dir='ltr'>Eurymedontia</span> <span class='ocrx_word' id='word_1_246' title='bbox 550 2122 596 2173; x_wconf 61' lang='grc' dir='ltr'>(ξ</span> <span class='ocrx_word' id='word_1_247' title='bbox 648 2121 771 2172; x_wconf 89' lang='grc'><strong>127),</strong></span> <span class='ocrx_word' id='word_1_248' title='bbox 823 2122 965 2172; x_wconf 91' lang='lat' dir='ltr'>arguit</span> <span class='ocrx_word' id='word_1_249' title='bbox 1007 2122 1274 2160; x_wconf 88' lang='lat' dir='ltr'>imitatorem.</span> <span class='ocrx_word' id='word_1_250' title='bbox 1336 2120 1491 2159; x_wconf 89' lang='lat' dir='ltr'>Mortui</span> <span class='ocrx_word' id='word_1_251' title='bbox 1534 2120 1801 2169; x_wconf 86' lang='lat' dir='ltr'>appellantur</span> 
     </span>
     <span class='ocr_line' id='line_1_30' title="bbox 166 2184 1802 2239; baseline -0.003 -13"><span class='ocrx_word' id='word_1_252' title='bbox 166 2185 405 2239; x_wconf 77' lang='grc' dir='ltr'><em>εὖθύμαχοι</em></span> <span class='ocrx_word' id='word_1_253' title='bbox 441 2186 614 2238; x_wconf 83' lang='grc' dir='ltr'><em>ἄνδρες,</em></span> <span class='ocrx_word' id='word_1_254' title='bbox 655 2187 808 2226; x_wconf 88' lang='lat' dir='ltr'>deinde</span> <span class='ocrx_word' id='word_1_255' title='bbox 844 2185 1052 2238; x_wconf 82' lang='grc' dir='ltr'><em>αἰχμηταί.</em></span> <span class='ocrx_word' id='word_1_256' title='bbox 1099 2187 1189 2225; x_wconf 91' lang='lat' dir='ltr'>Hoc</span> <span class='ocrx_word' id='word_1_257' title='bbox 1227 2186 1481 2224; x_wconf 90' lang='lat' dir='ltr'>vocabulum</span> <span class='ocrx_word' id='word_1_258' title='bbox 1520 2185 1664 2223; x_wconf 89' lang='lat' dir='ltr'>eadem</span> <span class='ocrx_word' id='word_1_259' title='bbox 1705 2184 1802 2221; x_wconf 87' lang='lat' dir='ltr'>sede</span> 
     </span>
     <span class='ocr_line' id='line_1_31' title="bbox 166 2249 1801 2302; baseline -0.002 -12"><span class='ocrx_word' id='word_1_260' title='bbox 166 2251 320 2302; x_wconf 85' lang='lat' dir='ltr'>legitur</span> <span class='ocrx_word' id='word_1_261' title='bbox 356 2253 399 2291; x_wconf 92' lang='lat' dir='ltr'>in</span> <span class='ocrx_word' id='word_1_262' title='bbox 438 2265 503 2302; x_wconf 91' lang='lat' dir='ltr'>ep.</span> <span class='ocrx_word' id='word_1_263' title='bbox 541 2252 878 2302; x_wconf 85' lang='lat' dir='ltr'>Eurymedontio</span> <span class='ocrx_word' id='word_1_264' title='bbox 918 2251 1015 2301; x_wconf 77' lang='lat'>105,</span> <span class='ocrx_word' id='word_1_265' title='bbox 1057 2252 1171 2301; x_wconf 86' lang='lat' dir='ltr'>quod</span> <span class='ocrx_word' id='word_1_266' title='bbox 1211 2251 1470 2289; x_wconf 84' lang='lat' dir='ltr'>Mnasalcam</span> <span class='ocrx_word' id='word_1_267' title='bbox 1510 2250 1551 2288; x_wconf 93' lang='lat' dir='ltr'>in</span> <span class='ocrx_word' id='word_1_268' title='bbox 1592 2249 1694 2287; x_wconf 86' lang='lat' dir='ltr'>Sim.</span> <span class='ocrx_word' id='word_1_269' title='bbox 1727 2249 1801 2287; x_wconf 86' lang='lat'>106</span> 
     </span>
     <span class='ocr_line' id='line_1_32' title="bbox 166 2315 1801 2367; baseline -0.002 -12"><span class='ocrx_word' id='word_1_270' title='bbox 166 2316 375 2357; x_wconf 88' lang='lat' dir='ltr'>imitatum</span> <span class='ocrx_word' id='word_1_271' title='bbox 422 2329 517 2356; x_wconf 88' lang='lat' dir='ltr'>esse</span> <span class='ocrx_word' id='word_1_272' title='bbox 564 2317 775 2367; x_wconf 89' lang='lat' dir='ltr'>vidimus,</span> <span class='ocrx_word' id='word_1_273' title='bbox 832 2317 905 2356; x_wconf 93' lang='lat' dir='ltr'>ubi</span> <span class='ocrx_word' id='word_1_274' title='bbox 952 2317 1101 2355; x_wconf 85' lang='lat' dir='ltr'>Graeci</span> <span class='ocrx_word' id='word_1_275' title='bbox 1149 2317 1271 2354; x_wconf 85' lang='lat' dir='ltr'>hasta</span> <span class='ocrx_word' id='word_1_276' title='bbox 1319 2315 1513 2354; x_wconf 88' lang='lat' dir='ltr'>cominus</span> <span class='ocrx_word' id='word_1_277' title='bbox 1560 2319 1801 2363; x_wconf 87' lang='lat' dir='ltr'>pugnantes</span> 
     </span>
     <span class='ocr_line' id='line_1_33' title="bbox 166 2379 1802 2433; baseline -0.003 -12"><span class='ocrx_word' id='word_1_278' title='bbox 166 2385 443 2432; x_wconf 89' lang='lat' dir='ltr'>opponuntur</span> <span class='ocrx_word' id='word_1_279' title='bbox 484 2385 584 2426; x_wconf 73' lang='grc' dir='ltr'><em>τοῖς,</em></span> <span class='ocrx_word' id='word_1_280' title='bbox 608 2380 862 2433; x_wconf 78' lang='grc' dir='ltr'><em>τοξοφόροις</em></span> <span class='ocrx_word' id='word_1_281' title='bbox 907 2379 1085 2433; x_wconf 79' lang='grc' dir='ltr'><em>Μήδοις.</em></span> <span class='ocrx_word' id='word_1_282' title='bbox 1130 2381 1243 2420; x_wconf 82' lang='lat' dir='ltr'>Casu</span> <span class='ocrx_word' id='word_1_283' title='bbox 1287 2382 1428 2419; x_wconf 86' lang='lat' dir='ltr'>autem</span> <span class='ocrx_word' id='word_1_284' title='bbox 1471 2391 1555 2418; x_wconf 91' lang='lat' dir='ltr'>non</span> <span class='ocrx_word' id='word_1_285' title='bbox 1600 2379 1802 2418; x_wconf 85' lang='lat' dir='ltr'>accidisse</span> 
     </span>
     <span class='ocr_line' id='line_1_34' title="bbox 168 2443 1797 2498; baseline -0.002 -12"><span class='ocrx_word' id='word_1_286' title='bbox 168 2447 354 2498; x_wconf 86' lang='lat' dir='ltr'>videtur,</span> <span class='ocrx_word' id='word_1_287' title='bbox 396 2450 443 2486; x_wconf 90' lang='lat' dir='ltr'>ut</span> <span class='ocrx_word' id='word_1_288' title='bbox 479 2448 627 2486; x_wconf 85' lang='lat' dir='ltr'>iisdem</span> <span class='ocrx_word' id='word_1_289' title='bbox 667 2445 919 2498; x_wconf 76' lang='grc' dir='ltr'><em>τοξοφόροις</em></span> <span class='ocrx_word' id='word_1_290' title='bbox 958 2444 1128 2498; x_wconf 83' lang='grc' dir='ltr'><em>Μήδοις</em></span> <span class='ocrx_word' id='word_1_291' title='bbox 1166 2447 1208 2484; x_wconf 89' lang='lat' dir='ltr'>in</span> <span class='ocrx_word' id='word_1_292' title='bbox 1242 2446 1323 2485; x_wconf 88' lang='lat' dir='ltr'>alio</span> <span class='ocrx_word' id='word_1_293' title='bbox 1351 2444 1690 2494; x_wconf 82' lang='lat' dir='ltr'>ep.&#39;Simonideo</span> <span class='ocrx_word' id='word_1_294' title='bbox 1722 2443 1797 2492; x_wconf 89' lang='lat' dir='ltr'>(sc.</span> 
     </span>
    </p>
   </div>
   <div class='ocr_carea' id='block_1_5' title="bbox 56 2486 1802 2563">
    <p class='ocr_par' dir='ltr' id='par_1_6' title="bbox 48 2486 1802 2563">
     <span class='ocr_line' id='line_1_35' title="bbox 56 2486 1802 2563; baseline -0.003 -11.027"><span class='ocrx_word' id='word_1_295' title='bbox 56 2486 58 2491; x_wconf 23' lang='lat'><strong>³</strong></span> <span class='ocrx_word' id='word_1_296' title='bbox 101 2530 103 2532; x_wconf 59' lang='grc'>’</span> <span class='ocrx_word' id='word_1_297' title='bbox 167 2523 231 2562; x_wconf 88' lang='lat' dir='ltr'>ep.</span> <span class='ocrx_word' id='word_1_298' title='bbox 266 2513 583 2552; x_wconf 86' lang='lat' dir='ltr'>Corinthiarum</span> <span class='ocrx_word' id='word_1_299' title='bbox 622 2510 882 2563; x_wconf 74' lang='grc' dir='ltr'><em>ἱεροδούλων</em></span> <span class='ocrx_word' id='word_1_300' title='bbox 920 2512 1013 2562; x_wconf 83' lang='grc'><strong>137,</strong></span> <span class='ocrx_word' id='word_1_301' title='bbox 1057 2512 1165 2550; x_wconf 89' lang='lat' dir='ltr'>trad.</span> <span class='ocrx_word' id='word_1_302' title='bbox 1198 2511 1226 2550; x_wconf 91' lang='lat' dir='ltr'>S</span> <span class='ocrx_word' id='word_1_303' title='bbox 1258 2511 1340 2549; x_wconf 90' lang='lat' dir='ltr'>vid.</span> <span class='ocrx_word' id='word_1_304' title='bbox 1370 2510 1500 2559; x_wconf 82' lang='lat' dir='ltr'>infra)</span> <span class='ocrx_word' id='word_1_305' title='bbox 1531 2511 1802 2558; x_wconf 87' lang='lat' dir='ltr'>opponantur</span> 
     </span>
    </p>
   </div>
   <div class='ocr_carea' id='block_1_6' title="bbox 0 0 166 3568">
    <p class='ocr_par' dir='ltr' id='par_1_7' title="bbox 0 0 166 3568">
     <span class='ocr_line' id='line_1_36' title="bbox 0 0 166 3568; baseline 0 0"><span class='ocrx_word' id='word_1_306' title='bbox 0 0 166 3568; x_wconf 95' lang='lat' dir='ltr'> </span> 
     </span>
    </p>
   </div>
   <div class='ocr_carea' id='block_1_7' title="bbox 167 2574 1803 3147">
    <p class='ocr_par' dir='ltr' id='par_1_8' title="bbox 167 2574 1803 3147">
     <span class='ocr_line' id='line_1_37' title="bbox 167 2574 1801 2629; baseline -0.004 -12"><span class='ocrx_word' id='word_1_307' title='bbox 167 2577 315 2617; x_wconf 88' lang='lat' dir='ltr'>Graeci</span> <span class='ocrx_word' id='word_1_308' title='bbox 344 2576 595 2629; x_wconf 74' lang='grc' dir='ltr'><em>εὐθύμαχοι.</em></span> <span class='ocrx_word' id='word_1_309' title='bbox 626 2578 776 2627; x_wconf 87' lang='lat' dir='ltr'>Itaque</span> <span class='ocrx_word' id='word_1_310' title='bbox 800 2579 948 2616; x_wconf 89' lang='lat' dir='ltr'>auctor</span> <span class='ocrx_word' id='word_1_311' title='bbox 973 2577 1107 2616; x_wconf 91' lang='lat' dir='ltr'>nostri</span> <span class='ocrx_word' id='word_1_312' title='bbox 1130 2576 1337 2626; x_wconf 88' lang='lat' dir='ltr'>Tegeatici</span> <span class='ocrx_word' id='word_1_313' title='bbox 1363 2574 1680 2625; x_wconf 86' lang='lat' dir='ltr'>epigrammatis</span> <span class='ocrx_word' id='word_1_314' title='bbox 1705 2585 1801 2612; x_wconf 88' lang='lat' dir='ltr'>cum</span> 
     </span>
     <span class='ocr_line' id='line_1_38' title="bbox 167 2639 1803 2697; baseline -0.002 -17"><span class='ocrx_word' id='word_1_315' title='bbox 167 2644 208 2681; x_wconf 87' lang='lat' dir='ltr'>et</span> <span class='ocrx_word' id='word_1_316' title='bbox 235 2641 511 2694; x_wconf 75' lang='grc' dir='ltr'><em>εὐθυμάχους</em></span> <span class='ocrx_word' id='word_1_317' title='bbox 539 2644 579 2681; x_wconf 92' lang='lat' dir='ltr'>et</span> <span class='ocrx_word' id='word_1_318' title='bbox 607 2640 814 2694; x_wconf 81' lang='grc' dir='ltr'><em>αἰχμητάς</em></span> <span class='ocrx_word' id='word_1_319' title='bbox 843 2645 1012 2697; x_wconf 85' lang='lat' dir='ltr'>vocaret</span> <span class='ocrx_word' id='word_1_320' title='bbox 1041 2642 1268 2691; x_wconf 85' lang='lat' dir='ltr'>Tegeatas,</span> <span class='ocrx_word' id='word_1_321' title='bbox 1309 2652 1381 2678; x_wconf 86' lang='lat' dir='ltr'>eos</span> <span class='ocrx_word' id='word_1_322' title='bbox 1411 2642 1592 2688; x_wconf 88' lang='lat' dir='ltr'>utroque</span> <span class='ocrx_word' id='word_1_323' title='bbox 1620 2639 1803 2687; x_wconf 88' lang='lat' dir='ltr'>epitheto</span> 
     </span>
     <span class='ocr_line' id='line_1_39' title="bbox 169 2704 1801 2757; baseline -0.003 -11"><span class='ocrx_word' id='word_1_324' title='bbox 169 2709 307 2746; x_wconf 89' lang='lat' dir='ltr'>mente</span> <span class='ocrx_word' id='word_1_325' title='bbox 342 2708 595 2757; x_wconf 89' lang='lat' dir='ltr'>opposuisse</span> <span class='ocrx_word' id='word_1_326' title='bbox 634 2708 800 2747; x_wconf 88' lang='lat' dir='ltr'>videtur</span> <span class='ocrx_word' id='word_1_327' title='bbox 838 2707 1033 2746; x_wconf 88' lang='lat' dir='ltr'>hostibus</span> <span class='ocrx_word' id='word_1_328' title='bbox 1069 2704 1330 2757; x_wconf 71' lang='grc' dir='ltr'><em>τοξοῳόροῐς.</em></span> <span class='ocrx_word' id='word_1_329' title='bbox 1376 2706 1434 2743; x_wconf 89' lang='lat' dir='ltr'>De</span> <span class='ocrx_word' id='word_1_330' title='bbox 1462 2705 1607 2743; x_wconf 89' lang='lat' dir='ltr'>eadem</span> <span class='ocrx_word' id='word_1_331' title='bbox 1637 2704 1801 2753; x_wconf 88' lang='lat' dir='ltr'>opposi-</span> 
     </span>
     <span class='ocr_line' id='line_1_40' title="bbox 167 2769 1800 2823; baseline -0.002 -13"><span class='ocrx_word' id='word_1_332' title='bbox 167 2772 281 2811; x_wconf 89' lang='lat' dir='ltr'>tione</span> <span class='ocrx_word' id='word_1_333' title='bbox 308 2785 332 2812; x_wconf 85' lang='lat' dir='ltr'>a</span> <span class='ocrx_word' id='word_1_334' title='bbox 362 2773 577 2812; x_wconf 86' lang='lat' dir='ltr'>Mnasalca</span> <span class='ocrx_word' id='word_1_335' title='bbox 606 2773 648 2812; x_wconf 90' lang='lat' dir='ltr'>in</span> <span class='ocrx_word' id='word_1_336' title='bbox 677 2785 742 2823; x_wconf 90' lang='lat' dir='ltr'>ep.</span> <span class='ocrx_word' id='word_1_337' title='bbox 775 2773 849 2812; x_wconf 87' lang='lat'>106</span> <span class='ocrx_word' id='word_1_338' title='bbox 878 2772 1068 2812; x_wconf 90' lang='lat' dir='ltr'>adhibita</span> <span class='ocrx_word' id='word_1_339' title='bbox 1098 2772 1181 2811; x_wconf 89' lang='lat' dir='ltr'>iam</span> <span class='ocrx_word' id='word_1_340' title='bbox 1210 2771 1296 2809; x_wconf 89' lang='lat' dir='ltr'>dixi</span> <span class='ocrx_word' id='word_1_341' title='bbox 1329 2770 1354 2821; x_wconf 63' lang='grc' dir='ltr'>ξ</span> <span class='ocrx_word' id='word_1_342' title='bbox 1388 2770 1475 2809; x_wconf 92' lang='lat'>127.</span> <span class='ocrx_word' id='word_1_343' title='bbox 1530 2769 1800 2818; x_wconf 87' lang='lat' dir='ltr'>Participium</span> 
     </span>
     <span class='ocr_line' id='line_1_41' title="bbox 169 2834 1801 2888; baseline -0.004 -12"><span class='ocrx_word' id='word_1_344' title='bbox 169 2835 369 2888; x_wconf 78' lang='grc' dir='ltr'><em>ῥυόμενοι</em></span> <span class='ocrx_word' id='word_1_345' title='bbox 410 2837 663 2877; x_wconf 88' lang='lat' dir='ltr'>Simonideis</span> <span class='ocrx_word' id='word_1_346' title='bbox 701 2838 909 2877; x_wconf 86' lang='lat' dir='ltr'>familiare</span> <span class='ocrx_word' id='word_1_347' title='bbox 947 2837 1054 2876; x_wconf 90' lang='lat' dir='ltr'>redit</span> <span class='ocrx_word' id='word_1_348' title='bbox 1091 2837 1214 2875; x_wconf 88' lang='lat' dir='ltr'>etiam</span> <span class='ocrx_word' id='word_1_349' title='bbox 1255 2836 1297 2874; x_wconf 91' lang='lat' dir='ltr'>in</span> <span class='ocrx_word' id='word_1_350' title='bbox 1328 2835 1568 2874; x_wconf 84' lang='lat' dir='ltr'>Mnasalcae</span> <span class='ocrx_word' id='word_1_351' title='bbox 1595 2834 1801 2883; x_wconf 81' lang='lat' dir='ltr'>epigram—</span> 
     </span>
     <span class='ocr_line' id='line_1_42' title="bbox 169 2897 1800 2953; baseline -0.004 -12"><span class='ocrx_word' id='word_1_352' title='bbox 169 2902 293 2941; x_wconf 86' lang='lat' dir='ltr'>matis</span> <span class='ocrx_word' id='word_1_353' title='bbox 322 2903 696 2953; x_wconf 84' lang='lat' dir='ltr'>Thermopylensis</span> <span class='ocrx_word' id='word_1_354' title='bbox 724 2903 819 2941; x_wconf 91' lang='lat' dir='ltr'>VII.</span> <span class='ocrx_word' id='word_1_355' title='bbox 844 2897 921 2941; x_wconf 86' lang='grc'>242</span> <span class='ocrx_word' id='word_1_356' title='bbox 948 2914 1073 2940; x_wconf 87' lang='lat' dir='ltr'>versu</span> <span class='ocrx_word' id='word_1_357' title='bbox 1101 2901 1287 2940; x_wconf 88' lang='lat' dir='ltr'>secundo</span> <span class='ocrx_word' id='word_1_358' title='bbox 1315 2899 1360 2950; x_wconf 65' lang='grc' dir='ltr'>(ξ</span> <span class='ocrx_word' id='word_1_359' title='bbox 1392 2899 1498 2948; x_wconf 85' lang='grc'><strong>125).</strong></span> <span class='ocrx_word' id='word_1_360' title='bbox 1533 2900 1800 2946; x_wconf 83' lang='lat' dir='ltr'>Quamquam</span> 
     </span>
     <span class='ocr_line' id='line_1_43' title="bbox 170 2963 1802 3018; baseline -0.004 -12"><span class='ocrx_word' id='word_1_361' title='bbox 170 2967 360 3006; x_wconf 85' lang='lat' dir='ltr'>nondum</span> <span class='ocrx_word' id='word_1_362' title='bbox 390 2968 596 3018; x_wconf 85' lang='lat' dir='ltr'>vidimus,</span> <span class='ocrx_word' id='word_1_363' title='bbox 630 2968 844 3017; x_wconf 87' lang='lat' dir='ltr'>quodnam</span> <span class='ocrx_word' id='word_1_364' title='bbox 876 2967 1137 3017; x_wconf 88' lang='lat' dir='ltr'>epigramma</span> <span class='ocrx_word' id='word_1_365' title='bbox 1170 2965 1459 3004; x_wconf 84' lang='lat' dir='ltr'>Simonideum</span> <span class='ocrx_word' id='word_1_366' title='bbox 1492 2964 1633 3002; x_wconf 89' lang='lat' dir='ltr'>versui</span> <span class='ocrx_word' id='word_1_367' title='bbox 1657 2963 1802 3001; x_wconf 84' lang='lat' dir='ltr'>ultimo</span> 
     </span>
     <span class='ocr_line' id='line_1_44' title="bbox 170 3028 1802 3081; baseline -0.004 -10"><span class='ocrx_word' id='word_1_368' title='bbox 170 3031 406 3071; x_wconf 85' lang='lat' dir='ltr'>subiectum</span> <span class='ocrx_word' id='word_1_369' title='bbox 434 3044 529 3071; x_wconf 84' lang='lat' dir='ltr'>esse</span> <span class='ocrx_word' id='word_1_370' title='bbox 558 3033 773 3081; x_wconf 88' lang='lat' dir='ltr'>videatur,</span> <span class='ocrx_word' id='word_1_371' title='bbox 816 3043 953 3080; x_wconf 87' lang='lat' dir='ltr'>neque</span> <span class='ocrx_word' id='word_1_372' title='bbox 978 3031 1019 3069; x_wconf 93' lang='lat' dir='ltr'>in</span> <span class='ocrx_word' id='word_1_373' title='bbox 1045 3031 1289 3069; x_wconf 88' lang='lat' dir='ltr'>lemmatum</span> <span class='ocrx_word' id='word_1_374' title='bbox 1315 3028 1600 3067; x_wconf 89' lang='lat' dir='ltr'>condicionem</span> <span class='ocrx_word' id='word_1_375' title='bbox 1628 3028 1802 3076; x_wconf 83' lang='lat' dir='ltr'>inquisi—</span> 
     </span>
     <span class='ocr_line' id='line_1_45' title="bbox 170 3092 1802 3147; baseline -0.003 -12"><span class='ocrx_word' id='word_1_376' title='bbox 170 3096 331 3146; x_wconf 81' lang='lat' dir='ltr'>vimus,</span> <span class='ocrx_word' id='word_1_377' title='bbox 372 3099 512 3136; x_wconf 84' lang='lat' dir='ltr'>tamen</span> <span class='ocrx_word' id='word_1_378' title='bbox 542 3097 624 3136; x_wconf 91' lang='lat' dir='ltr'>iam</span> <span class='ocrx_word' id='word_1_379' title='bbox 656 3108 792 3147; x_wconf 90' lang='lat' dir='ltr'>nunc,</span> <span class='ocrx_word' id='word_1_380' title='bbox 834 3096 1003 3146; x_wconf 88' lang='lat' dir='ltr'>opinor,</span> <span class='ocrx_word' id='word_1_381' title='bbox 1041 3095 1239 3134; x_wconf 89' lang='lat' dir='ltr'>constitui</span> <span class='ocrx_word' id='word_1_382' title='bbox 1269 3094 1360 3133; x_wconf 85' lang='lat' dir='ltr'>licet</span> <span class='ocrx_word' id='word_1_383' title='bbox 1390 3094 1498 3131; x_wconf 88' lang='lat' dir='ltr'>inter</span> <span class='ocrx_word' id='word_1_384' title='bbox 1526 3105 1619 3142; x_wconf 90' lang='lat' dir='ltr'>epp.</span> <span class='ocrx_word' id='word_1_385' title='bbox 1649 3092 1802 3141; x_wconf 87' lang='lat' dir='ltr'>Tegea-</span> 
     </span>
    </p>
   </div>
  </div>
 </body>
</html>
