2072 3568
364 213 465 262 Cap.
502 212 587 260 111,
621 211 667 260 5,
701 211 738 250 6.
1157 209 1209 248 66

363 337 404 376 ἰη
436 336 486 374 iis
515 334 610 374 libri
642 334 699 373 xl
730 334 943 385 partibus,
976 345 1087 384 quae
1114 333 1168 372 de
1195 332 1306 373 bello
1335 332 1496 373 Medico
1524 334 1646 383 sunt,
1677 332 1732 373 cf.
1753 330 1904 375 Busoll
1921 331 2000 375 11¹.

363 401 440 440 622
470 412 555 452 sq„
591 399 807 439 Schwartz
838 399 1085 439 Pw.-R1·:.
1120 399 1166 438 V.
1200 398 1291 439 680.

418 467 638 506 Praeterea
667 466 710 504 in
742 465 961 505 Diodoreis
992 465 1093 504 Exc.
1127 464 1218 504 Vat.
1253 464 1334 503 111.
1363 463 1416 503 40
1446 462 1505 514 (p.
1529 463 1608 504 213
1627 462 1755 515 Vog.)
1785 465 2006 506 servatum

363 534 427 571 cst
463 543 528 582 ep.
566 531 662 581 132,
705 530 819 581 quod
858 531 900 569 in
941 530 1174 570 Diodorum
1212 541 1264 569 ex
1306 529 1521 569 Herodoto
1556 530 1648 570 sive
1676 531 1789 570 recta
1818 529 1888 571 via
1914 529 2008 571 sive

365 610 439 648 per
475 597 695 647 Ephorum
726 600 1009 647 propagatum
1038 598 1115 635 est.
1163 596 1217 635 Ut
1246 596 1329 635 iam
1359 596 1505 635 monui
1537 594 1585 647 (ᾖ
1614 594 1711 647 41),
1749 606 1816 647 ep.
1847 595 2008 648 ublqoe

364 674 625 713 anonymum
659 661 914 702 Simonideis
943 661 1152 700 insertum
1178 663 1242 700 cst
1270 673 1294 700 a
1326 660 1430 700 viris
1458 660 1606 701 doctis.
1639 660 1835 702 Attamen
1860 661 2007 702 verisi-

365 729 461 767 mile
487 730 551 768 est
580 728 658 767 hoc
686 739 859 777 quoque
885 739 950 777 ep.
983 738 1007 767 a
1038 726 1268 767 Collectore
1296 726 1339 766 in
1368 726 1472 777 Syll.
1504 725 1608 767 Sim.
1633 728 1849 778 receptum
1872 726 2009 767 fuisse

367 794 413 845 (ξ
447 794 521 833 133
551 792 689 844 sqq.);
721 793 884 832 nullum
916 804 1017 832 vero
1044 792 1137 832 eius
1168 792 1227 831 rei
1256 794 1371 832 extat
1401 792 1641 843 vestigium.

972 929 1009 969 6.
1072 937 1397 969 PLUTARCHUS.

421 1054 446 1106 ,Q
477 1055 541 1095 49.
603 1054 671 1095 De
705 1065 824 1105 epp„
868 1065 988 1106 quae
1021 1052 1154 1096 unice
1191 1053 1242 1093 in
1281 1052 1357 1093 lib.
1402 1052 1459 1093 de
1488 1051 1598 1094 Her.
1632 1051 1741 1094 mal.
1775 1051 2005 1106 loquum.

367 1122 426 1160 De
453 1132 544 1171 cap.
568 1120 633 1170 39,
666 1120 709 1159 in
738 1131 825 1169 quo
852 1131 948 1170 epp.
973 1119 1242 1159 Corinthiaca
1272 1119 1464 1169 quinque
1489 1118 1573 1170 (96,
1601 1118 1667 1170 97,
1696 1118 1793 1170 134,
1819 1118 1887 1170 98,
1911 1117 2007 1169 137)

365 1186 609 1236 laudantur,
651 1186 734 1225 iam
772 1185 956 1224 disserui
987 1184 1014 1236 ξ
1044 1184 1096 1224 25
1125 1197 1219 1235 sqq.
1266 1184 1475 1235 Apparuit
1503 1184 1546 1223 in
1578 1183 1794 1225 Plutarchi
1820 1184 2008 1225 libellum

366 1252 625 1291 confluxisse
661 1251 771 1290 duos
809 1251 971 1300 fontes,
1013 1262 1198 1300 quorum
1236 1250 1343 1290 alter
1381 1248 1623 1300 (Ephorus)
1662 1251 1855 1290 servaret
1880 1249 2011 1302 idque

368 1317 592 1356 traditione
628 1316 868 1366 antiquiore
899 1314 970 1366 (A)
999 1315 1141 1355 omnia
1170 1315 1502 1366 epigrammata,
1543 1315 1649 1355 alter
1679 1313 1916 1366 (Timaeus)
1945 1326 2009 1356 re·

367 1382 551 1421 centiore
591 1381 661 1432 (S)
701 1381 923 1432 praeberet
961 1392 1095 1420 unum
1125 1393 1190 1431 ep.
1227 1381 1316 1420 137.
1363 1381 1471 1421 Cum
1503 1380 1761 1421 Plutarchus
1786 1381 2012 1432 ignorasse

368 1447 564 1486 videatur
605 1459 700 1497 epp.
747 1449 971 1497 quattuor,
1019 1448 1067 1486 ut
1104 1446 1327 1496 quintum,
1374 1446 1518 1486 itidem
1559 1445 1804 1486 Simoniden
1839 1445 2012 1487 nomine

365 1515 516 1552 ornata
537 1512 718 1551 inveniri
735 1535 786 1540 —
801 1514 962 1562 quanta
982 1512 1096 1551 enim
1116 1523 1214 1551 cum
1237 1512 1453 1562 voluptate
1470 1511 1703 1552 Simonidis
1716 1511 2010 1552 auctoritatem

367 1578 687 1628 epigrammatis
710 1578 785 1617 137
809 1577 1073 1628 praedicaret
1098 1577 1285 1617 vidimus
1314 1576 1361 1629 (ξ
1378 1575 1449 1627 25)
1470 1598 1522 1605 --
1541 1577 1737 1628 sequitur
1752 1587 1852 1617 eum
1871 1587 2012 1628 neque

370 1642 570 1693 Syllogen
612 1643 900 1682 Simonideam
940 1643 1113 1683 novisse
1150 1654 1289 1693 neque
1325 1642 1431 1682 adeo
1464 1644 1711 1693 excerptum
1737 1641 1832 1683 elus
1858 1642 1904 1683 in
1931 1641 2010 1684 00-

369 1720 517 1747 ronam
548 1708 827 1759 Meleagream
858 1710 1087 1758 receptum.
1129 1708 1253 1754 Quod
1282 1708 1337 1747 ab
1365 1720 1414 1747 eo
1442 1708 1626 1764 affertur
1653 1706 1834 1749 adiecto
1861 1705 2010 1749 Simo-

368 1771 496 1813 nidis
532 1772 720 1813 nominc
756 1773 1019 1823 epigramma
1059 1785 1117 1813 sc.
1155 1785 1220 1823 ep.
1256 1773 1332 1812 136
1369 1773 1413 1812 in
1453 1773 1740 1813 Democritum
1775 1773 2010 1814 Naxiomm

367 1838 540 1888 ducem,
586 1838 628 1876 id
670 1838 801 1888 igitur
843 1838 990 1888 petivit
1031 1850 1084 1877 ex
1125 1850 1175 1877 eo
1217 1837 1356 1888 fonte,
1405 1850 1493 1888 quo
1534 1850 1644 1878 usus
1684 1840 1750 1879 est
1788 1838 1834 1879 in
1875 1838 2011 1879 Βαο-

367 1904 489 1942 dotea
528 1904 772 1943 narratione
802 1903 938 1953 (VIII.
971 1902 1042 1953 46)
1072 1903 1126 1942 de
1153 1903 1387 1943 Naxiorum
1417 1904 1578 1943 auxilio
1606 1904 1781 1945 Graecis
1807 1903 2012 1956 praestito

370 1968 425 2019 (a.
462 1968 559 2019 490)
599 1969 905 2020 impugnanda.
955 1969 1148 2009 Dubitari
1177 1981 1262 2009 non
1312 1971 1472 2020 potest,
1512 1970 1617 2020 quin
1655 1970 1724 2010 ille
1756 1970 1856 2011 fons
1882 1969 2013 2010 fuerit

368 2034 595 2073 Naxium
634 2034 945 2074 Chronicon
987 2031 1184 2084 (Ναξίων
1221 2032 1493 2086 ὡρογράφοι)
1534 2035 1663 2085 paulo
1699 2037 1800 2075 ante
1830 2046 2011 2076 comme-

369 2101 594 2139 moratum.
642 2100 706 2138 Ex
750 2100 924 2150 Ephoro
968 2099 1041 2150 (fr.
1085 2099 1184 2150 113,
1231 2100 1360 2140 FHG.
1403 2100 1437 2139 1.
1476 2099 1599 2150 265),
1645 2101 1719 2151 qui
1756 2100 1929 2152 quidem
1964 2100 2010 2141 ln

368 2165 514 2204 eodem
550 2177 641 2214 cap.
674 2165 890 2214 laudatur,
922 2177 988 2215 ep.
1019 2177 1104 2204 non
1135 2165 1273 2204 fluxit.
1306 2165 1582 2204 Manifestum
1611 2166 1724 2205 enim
1751 2166 1816 2206 est
1844 2165 2010 2206 Plutar-

368 2230 496 2269 chum
532 2230 651 2269 illum
680 2232 847 2269 tantum
877 2230 1099 2280 laudasse,
1141 2233 1190 2269 ut
1219 2231 1311 2270 leve
1338 2230 1590 2281 discrimen,
1631 2230 1746 2281 quod
1774 2230 1886 2271 inter
1910 2242 2009 2271 eum

368 2297 408 2334 et
438 2295 704 2334 Hellanicum
734 2295 906 2334 extabat
934 2296 987 2334 de
1016 2295 1190 2334 navium
1222 2307 1420 2346 numero,
1463 2296 1765 2336 testificaretur
1794 2294 1867 2347 (cf.
1900 2294 1928 2348 ἕ
1956 2295 2011 2337 29

370 2371 411 2399 n.
439 2358 525 2410 30).
558 2360 681 2399 Naxii
712 2362 853 2399 autem
880 2360 1154 2411 Horographi
1175 2361 1290 2400 unde
1308 2372 1373 2411 ep.
1394 2362 1633 2411 sumpsisse
1652 2360 1853 2402 censendi
1871 2358 2010 2402 sunt?

370 2425 435 2463 Ex
467 2424 671 2476 Sylloge?
702 2426 795 2464 Non
825 2426 990 2475 opinor.
1025 2426 1109 2465 Fac
1136 2437 1209 2465 eos
1238 2426 1525 2466 Alexandrina
1554 2429 1691 2467 aetate
1709 2425 1747 2478 θ)
1777 2426 1938 2467 vixisse
1957 2448 2011 2456 -

369 2490 483 2539 quod
512 2490 686 2529 omnino
714 2501 799 2529 non
825 2492 990 2530 constat
1010 2513 1075 2540 ——,
1109 2493 1157 2530 ut
1179 2490 1376 2542 Sylloges
1400 2491 1584 2531 utendae
1602 2492 1655 2531 iis
1675 2491 1857 2532 facultas
1875 2490 2011 2531 fuisse

372 2555 584 2603 videatur;
614 2555 713 2604 quis
741 2557 883 2594 autem
913 2555 1056 2595 credat
1086 2554 1227 2595 Nazii
1254 2556 1453 2596 Chronici
1482 2559 1699 2606 auctores,
1731 2554 1936 2597 Naxium
1961 2557 2012 2596 ut

370 2620 594 2659 laudarent
635 2621 921 2671 epigramma,
968 2621 1125 2660 adiisse
1168 2621 1369 2672 Syllogen
1415 2622 1702 2661 Simonideam
1720 2620 1743 2662 2
1787 2621 2011 2662 Praeterea

370 2685 413 2724 in
459 2697 508 2724 ea
554 2685 734 2724 affuisse
775 2688 970 2725 nostrum
1014 2698 1213 2736 carmen,
1263 2687 1422 2737 quippe
1461 2688 1577 2737 quod
1619 2689 1882 2739 epigramma
1922 2698 2010 2727 uon

371 2750 426 2789 sit
463 2771 512 2777 —
551 2750 661 2789 sitne
697 2750 1002 2790 dedicatorium
1041 2762 1097 2790 an
1135 2751 1371 2801 sepulcrale
1404 2752 1596 2803 dignosci
1632 2753 1780 2803 nequit
1806 2774 1858 2781 —
1886 2751 2011 2793 valde

414 2915 446 2955 6)
491 2916 620 2949 Mune·-
655 2917 754 2950 FuG.
791 2917 845 2950 Ν.
880 2917 945 2950 304
980 2917 1210 2950 Plutarchum
1242 2918 1445 2951 adhibuisse
1476 2923 1597 2951 censet
1629 2920 1683 2951 vel
1713 2919 1924 2952 Andr-iseum
1954 2893 2010 2951 vel

373 2971 545 3005 philetam
570 2970 662 3013 (‘i.e.
687 2973 861 3006 Philteam
886 2974 931 3006 ef.
955 2973 1115 3006 Meineke
1141 2973 1241 3006 Anal.
1266 2974 1362 3006 Alex.
1389 2985 1419 3016 p.
1431 2974 1507 3006 352'
1534 2973 1628 3015 [add.
1654 2975 1751 3007 Kaib.
1775 2973 1886 3017 p-“7
1910 2970 2010 3015 n.¹])

372 3029 424 3060 vel
450 3028 722 3069 Aglaosthenem
748 3030 801 3062 vel
825 3029 938 3062 alium
962 3040 1081 3063 rerum
1106 3030 1320 3063 Naxioerum
1344 3031 1560 3073 scriptorem.
1586 3030 1637 3064 Cf.
1662 3030 1840 3064 Susemihl
1863 3028 2008 3063 A.1..11.

371 3083 436 3116 384
461 3089 498 3117 et
522 3085 587 3117 ⁴00
612 3096 644 3118 n.
669 3085 744 3118 314.
