2072 3568
913 222 988 263 173
1536 223 1561 277 g
1593 226 1666 277 96,
1700 226 1764 267 97.

70 340 98 373 '7³
133 349 293 391 Hoflm.
326 347 446 399 269),
488 360 540 387 ex
577 348 723 388 eadem
761 349 1003 388 collectione
1036 361 1247 389 manasse.
1295 351 1403 389 Tum
1433 353 1573 390 autem
1603 353 1767 390 nullum

113 403 308 455 'dubium
351 415 495 453 extare
536 415 700 464 potest,
746 415 851 463 quin
894 415 1103 465 Meleager
1144 416 1279 455 eidem
1323 417 1515 455 debuerit
1556 418 1661 456 font-i
1699 429 1763 467 ep.

131 478 255 520 XIII.
285 480 355 530 15,
398 477 650 529 ἀδέσποτον,
683 479 798 528 quod
827 479 957 529 lapidi
986 480 1203 529 quondam
1232 481 1484 531 inscriptum
1514 483 1648 521 fuisse
1676 484 1768 521 uni-

132 545 284 595 cuique
310 546 437 594 patet.
483 544 816 583 Admirationem
845 556 1017 583 movere
1045 557 1128 584 non
1159 548 1316 595 potest,
1350 547 1465 596 quod
1494 548 1769 586 concinnator

131 609 227 649 libri
263 608 395 659 XIII,
437 621 534 648 cum
572 609 616 647 in
653 609 780 648 Anth.
819 609 1062 659 Cephalana
1103 609 1149 661 (ξ
1181 609 1250 661 95)
1281 613 1472 661 exempla
1501 613 1768 662 conquireret

131 676 363 714 metrorum
414 674 718 724 dactylicorum
770 686 868 728 cum
919 675 1111 714 iambicis
1161 676 1484 716 coniunctorum
1538 678 1602 716 vel
1649 679 1769 717 aliter

52 748 86 787 gt
131 751 260 790 quam
301 740 494 779 distichis
535 740 729 790 elegiacis
767 740 1077 790 adhibitorum,
1124 741 1247 791 elegit
1285 742 1612 797 epigrammata,
1659 755 1769 792 quae

6 805 11 843 ὲ
132 816 279 844 revera
321 805 619 854 inscriptiones
661 804 796 843 fuisse
838 805 1010 844 scimus.
1058 805 1140 850 Qui
1182 807 1294 844 enim
1334 807 1507 846 Kaibelii
1546 808 1767 858 Epigram-

53 872 78 914 ζ
131 871 244 909 mata
274 869 339 908 vel
370 881 499 908 manu
530 870 739 919 versavit,
773 882 858 908 non
888 870 1079 920 ignorat,
1112 873 1321 920 quantum
1351 873 1394 910 in
1419 873 1767 922 inscriptionibus

132 928 314 974 metricis
361 935 507 984 poetae
552 946 576 973 a
623 935 791 984 vulgari
838 935 975 974 forma
1022 934 1142 975 abab
1184 937 1378 975 recedere
1420 938 1594 976 soleant.
1658 938 1768 977 Sunt

8 1030 9 1033 η
59 1019 83 1048 „33
129 1001 270 1039 autem
308 999 615 1049 epigrammata
652 1000 761 1050 du0‚
809 1012 919 1049 quae
955 1001 1251 1050 epigrammati
1290 1001 1413 1041 XIII.
1454 1003 1502 1041 15
1540 1003 1629 1041 fere
1667 1006 1767 1042 sunt

58 1056 72 1098 s
131 1065 309 1115 similia,
354 1065 397 1103 in
440 1067 624 1115 utraque
665 1066 778 1103 enim
821 1066 1044 1105 cuiusdam
1083 1067 1164 1104 viri
1203 1068 1402 1106 victoriae
1439 1071 1763 1118 enumerantur,

130 1130 315 1169 attamen
362 1128 624 1170 Simonidis
669 1131 839 1169 nomine
884 1133 1034 1170 ornata
1082 1134 1203 1171 sunt:
1251 1144 1316 1182 ep.
1359 1131 1481 1171 XIII.
1527 1133 1574 1171 14
1617 1135 1657 1171 et
1702 1134 1762 1172 19.

63 1198 79 1251 ᾗ
131 1194 282 1244 Itaque
322 1207 407 1234 non
446 1196 664 1235 abicienda
702 1198 766 1234 est
804 1197 990 1246 suspicio
1027 1197 1096 1236 illa
1134 1198 1439 1247 epigrammata
1482 1198 1766 1237 Simonideam

131 1261 422 1300 auctoritatem
451 1261 603 1311 adepta
631 1273 726 1300 esse
753 1263 797 1300 in
827 1263 989 1312 sylloge
1016 1263 1355 1312 inscriptionum.
1407 1264 1593 1302 Titulum
1623 1276 1686 1313 ep.
1719 1264 1766 1302 14

59 1331 86 1378 g]
130 1337 155 1365 a
196 1326 407 1377 Meleagro
453 1325 714 1366 ’ἀδέσποτον
761 1329 979 1377 acceptum
1023 1330 1168 1377 postea
1211 1340 1355 1367 errore
1391 1329 1434 1367 in
1477 1329 1766 1368 Simonideum

130 1401 383 1430 conversum
426 1403 520 1430 esse
560 1403 734 1431 censere
777 1404 862 1445 non
904 1393 1011 1431 licet.
1059 1393 1165 1432 Nam
1211 1405 1295 1432 non
1334 1394 1606 1432 librariorum
1643 1395 1767 1444 culpa

59 1459 74 1510 'jj'
133 1455 363 1496 Simonidis
405 1468 558 1495 nomen
603 1458 833 1496 accessisse
875 1458 1043 1496 videtur
1084 1459 1406 1508 epigrammati,
1453 1459 1495 1497 in
1539 1471 1623 1508 quo
1665 1461 1767 1498 cele-

130 1521 312 1561 brantur
336 1522 536 1561 victoriae
557 1522 829 1572 Olympiacae
850 1524 976 1573 paulo
998 1525 1093 1573 post
1115 1524 1222 1562 bella
1245 1524 1404 1563 Medica
1427 1528 1664 1574 reportatae
1679 1525 1763 1575 146).

69 1689 87 1705 4
133 1651 447 1702 Hephaestione
483 1665 535 1692 ex
565 1653 730 1692 Corona
761 1653 996 1703 Meleagrea
1026 1654 1229 1692 haustum
1261 1653 1307 1704 (ξ
1338 1652 1407 1704 54)
1439 1657 1655 1693 servatum
1686 1658 1762 1694 est.

63 1723 77 1749 '2
131 1716 224 1756 Hoc
259 1729 348 1767 ep.,
390 1718 505 1768 quod
534 1730 632 1757 cum
663 1719 860 1757 victorias
891 1719 1066 1769 Pythias
1095 1721 1223 1768 atque
1252 1720 1430 1758 Nemeas
1460 1721 1550 1758 tum
1580 1720 1767 1770 Olympi-

63 1790 89 1814 Γ
131 1792 249 1821 acam
278 1782 343 1822 01.
371 1782 423 1822 98
453 1782 509 1834 (a.
538 1782 634 1833 388)
666 1785 923 1833 reportatam
954 1784 1157 1834 celebrat,
1191 1785 1311 1823 facile
1334 1785 1378 1822 in
1401 1786 1509 1823 serie
1530 1786 1766 1835 inscriptio—

130 1858 233 1886 num
271 1849 577 1899 consimilium,
619 1860 804 1898 quarum
842 1861 929 1888 una
967 1850 1153 1888 alterave
1193 1850 1436 1889 Simonideo
1464 1851 1587 1889 titulo
1615 1853 1766 1890 ornata

130 1914 242 1963 erat,
281 1925 335 1952 ex
372 1913 524 1953 vicinia
562 1915 602 1953 et
643 1914 874 1953 Simonidis
904 1926 1081 1965 nomen,
1124 1916 1237 1964 quod
1269 1927 1392 1954 nemo
1421 1916 1531 1954 serio
1559 1917 1766 1966 epigram-

58 1976 97 2033 {ss
131 1978 232 2017 mati
259 1979 511 2028 ascripsisse
538 1979 800 2029 putaverim,
832 1981 874 2018 et
897 1980 1140 2018 certaminis
1161 1992 1313 2019 nomen
1328 1978 1496 2031 ’Ἰσθμια
1519 1993 1596 2030 pro
1620 1978 1765 2020 Πύθια

129 2042 312 2082 traxisse
340 2044 508 2083 videtur
539 2043 610 2095 (cf.
639 2043 736 2094 1.1.).

63 2104 84 2156 ‚J
183 2108 249 2147 Ex
285 2108 611 2160 inscriptionum
650 2110 812 2160 sylloge
849 2109 991 2149 itidem
1031 2122 1054 2149 a
1093 2110 1304 2159 Meleagro
1337 2111 1514 2159 petitum
1542 2123 1636 2149 esse
1666 2114 1767 2160 puto

67 2175 97 2225 '⁶30-
130 2183 195 2222 ep.
224 2173 323 2223 152,
356 2174 471 2224 quod
501 2175 760 2214 Pausaniam
788 2186 840 2213 ex
870 2175 1036 2214 Corona
1067 2175 1304 2224 sumpsisse
1333 2176 1531 2224 apparuit
1562 2175 1587 2226 ξ
1618 2176 1681 2215 65.

67 2236 75 2240 ”
185 2236 212 2288 ξ
242 2238 308 2278 97.
373 2238 646 2289 Quaeritur,
693 2250 807 2279 num
851 2238 1074 2290 Cephalas
1112 2251 1160 2279 esc
1197 2238 1308 2279 aliis
1343 2239 1550 2279 sontibus
1581 2242 1768 2291 praeter

72 2305 86 2315 ”
137 2300 365 2343 Coronam
426 2303 733 2355 Meleayream
794 2303 1068 2344 Simonidea
1132 2304 1475 2355 epifi-ammata
1534 2305 1761 2356 petiverit.

133 2366 475 2408 Demonstratum
513 2372 578 2408 est
618 2368 644 2420 ξ
682 2369 734 2409 38
766 2370 1072 2420 epigrammata
1106 2370 1346 2409 Simonidea
1376 2371 1530 2409 codicis
1562 2371 1762 2421 Palatini,

59 2448 96 2469 ‘a
130 2435 342 2482 quatenus
378 2446 523 2474 eorum
564 2435 672 2474 tituli
711 2446 796 2474 non
835 2437 931 2485 post
969 2435 1197 2485 Cephalam
1232 2436 1503 2474 librariorum
1533 2436 1656 2485 culpa
1685 2437 1766 2474 orti

66 2492 105 2547 ig?
130 2501 293 2550 essent,
338 2500 393 2540 ab
434 2500 504 2539 illo
546 2500 771 2551 desumpta
808 2512 903 2540 esse
939 2513 990 2540 ex
1027 2501 1193 2541 Corona
1233 2501 1454 2551 Meleagri,
1500 2502 1573 2550 qui
1612 2513 1766 2540 rursus

68 2553 434 2615 *epigrammata
471 2566 541 2605 illa
579 2567 764 2616 exceptis
799 2566 875 2616 iis,
916 2577 1027 2615 quae
1063 2566 1107 2604 in
1147 2566 1312 2606 Corona
1348 2567 1586 2605 scribarum
1616 2567 1767 2605 fraude

74 2626 423 2688 {gjfflmonideum
451 2631 620 2670 titulum
650 2631 801 2681 adepta
830 2634 994 2681 essent,
1027 2631 1243 2670 debuisset
1267 2631 1464 2687 Syllogae
1483 2631 1762 2670 Simonideae.

80 2688 106 2730 ’ἶ
123 2692 256 2735 'Gal-et
279 2696 409 2746 igitur
431 2697 544 2736 iusto
567 2697 846 2736 fundamento
868 2697 1170 2736 Wilamowitzii
1195 2697 1337 2746 opinio
1362 2697 1584 2736 scribentis
1607 2709 1646 2746 p.
1667 2697 1764 2735 818:

135 2757 267 2811 ‘qauz
301 2759 477 2813 windiy
514 2762 569 2801 ist
596 2762 672 2801 der
703 2762 904 2812 Schluss,
947 2762 1048 2801 dass
1078 2762 1139 2800 sie
1169 2761 1491 2812 (epigrammata
1524 2761 1764 2800 Simoniden

2 2838 5 2839 ⁷
131 2823 407 2876 Anthologiae
443 2826 554 2877 Pal.)
595 2838 674 2866 aus
712 2827 920 2877 Meleager
958 2829 1167 2866 stammen
1198 2827 1412 2876 miissten,
1454 2827 1543 2865 weil
1573 2827 1633 2865 sie
1661 2827 1765 2865 alter

131 2887 195 2928 als
221 2901 268 2929 er
296 2890 414 2942 sind,
447 2892 536 2931 und
561 2903 608 2931 er
632 2892 843 2932 natiirlich
869 2892 1192 2932 simonideische
1213 2892 1415 2931 Gedichte
1438 2892 1763 2941 aufgenommen

133 2982 212 2990 ——.

73 3059 83 3078 ῃ
175 3035 238 3079 ¹⁴⁶)
284 3038 450 3073 Dandidis
475 3041 639 3074 victoriae
663 3045 749 3074 sunt
772 3040 824 3074 Ol.
849 3039 892 3073 70
915 3045 951 3073 et
975 3039 1016 3072 77
1041 3040 1086 3079 (a.
1104 3040 1179 3081 476,
1198 3039 1290 3081 472),
1314 3041 1356 3073 (ts.
1378 3040 1528 3081 liutgers
1546 3041 1648 3072 Afric.
1668 3051 1697 3081 p.
1712 3040 1765 3081 40,

80 3106 102 3135 ᾗ
132 3090 261 3128 Robert
284 3095 400 3129 Herm.
424 3095 478 3129 35.
501 3095 591 3129 1900
614 3107 645 3139 p.
669 3096 745 3129 164.
787 3097 835 3129 De
859 3096 1048 3129 Nicolndae
1071 3096 1139 3138 (ep.
1167 3096 1256 3128 xm.
1281 3096 1339 3136 19)
1363 3100 1479 3129 aetate
1504 3096 1592 3128 nihil
1616 3099 1763 3129 constat.

182 1586 489 1637 Agnoscendus
532 1589 673 1626 autem
716 1588 812 1626 talis
854 1600 974 1626 error
1017 1589 1184 1627 videtur
1226 1589 1269 1627 in
1312 1601 1376 1638 ep.
1422 1589 1518 1639 188,
1565 1591 1678 1639 quod
1713 1591 1767 1629 ab
1844 1590 1846 1592 ’
