2072 3568
417 225 518 276 Cap.
554 224 644 274 111,
677 223 715 264 9.

416 349 742 403 ἐρριμμένον,
766 347 914 402 ἠλέησέ

417 430 456 455 τε
481 414 550 455 καὶ
575 414 743 455 θάπτει·
776 413 912 467 ἡμέρᾳ

417 484 464 534 τῇ
510 480 613 533 μετὰ
661 480 735 534 τὴν
776 479 915 532 ταφὴν

416 545 530 586 πλεῖν
600 544 643 589 ἐς
720 542 914 584 Σικελίαν

416 610 644 663 ὀνειράτων
693 609 721 661 †
768 609 915 650 τοῦτόν

417 676 458 729 γ’
499 675 675 728 ὀνείρατι
717 674 913 715 κωλύων.

415 741 599 781 πείθεται
622 740 701 793 μὲν
720 738 744 779 ὁ
764 738 912 791 Σιμω-

416 807 533 860 νίόης
560 806 630 847 καὶ
658 806 783 859 μένει.
824 805 919 846 πλεῖ

418 873 463 914 δὲ
494 873 517 926 ἡ
546 875 649 917 ναῦς
676 871 747 912 καὶ
767 871 913 924 βαπτί-

417 939 537 986 ζεται.
558 938 585 990 †
601 937 647 978 δὲ
662 935 913 988 εἰςΤάραντα

417 1003 669 1056 κομίσαντος
688 1002 734 1042 τὸ
753 1002 914 1047 πάθος,

416 1068 568 1120 ἐγίνετο
602 1066 681 1108 ὅσα
710 1065 822 1110 εἰκὸς
849 1064 915 1105 ἐπὶ

417 1133 606 1174 τοιούτου
643 1134 795 1173 κακοῦ.
838 1129 912 1171 Σι-

414 1198 607 1252 μωνίδης
622 1197 668 1238 ὀὲ
682 1196 916 1250 στεφάνους

416 1268 463 1319 τῇ
511 1263 637 1317 στήλῃ
686 1262 915 1315 περιέθηκε

415 1329 487 1371 καὶ
500 1329 692 1381 ἐναγίσας
702 1332 763 1381 τῷ
773 1331 915 1380 νεκρῷ

416 1398 618 1448 σωτῆρα
648 1393 802 1435 αὑτοῦ
832 1392 915 1433 τὸν

416 1461 652 1514 κείμενον
668 1459 915 1513 ἐκήρυξεν

416 1525 807 1579 ἐπιγράμματι·
843 1524 913 1565 καὶ

417 1595 538 1633 τοῦτο
577 1592 601 1645 ἡ
641 1590 767 1644 στήλη
804 1590 912 1630 δείκ-

415 1673 542 1699 νυσιν.

1198 218 1274 262 100

987 349 1296 398 humatumque
1328 357 1486 397 corpus

1013 413 1155 453 iacens
1215 412 1461 463 sepulturae

989 479 1253 528 mandasset,
1295 478 1484 518 admoni-

988 548 1059 584 tus
1075 544 1130 584 ab
1144 556 1207 594 eo,
1227 555 1281 583 ne
1292 543 1486 594 proximo

987 609 1055 648 die
1066 609 1301 659 navigaret,
1317 608 1357 647 in
1371 611 1483 647 terra

989 674 1205 714 remansit.
1261 673 1344 719 Qui
1387 672 1486 712 inde

987 739 1224 788 solverant,
1281 737 1485 777 fluctibus

986 806 1027 843 et
1069 803 1264 854 procellis
1307 802 1349 841 in
1387 813 1484 841 con-

987 871 1134 919 spectu
1195 868 1288 907 eius
1342 867 1485 906 obruti

987 936 1109 973 sunt:
1162 934 1253 983 ipse
1303 932 1485 972 laetatus

987 1000 1070 1048 est,
1090 997 1205 1047 quod
1219 997 1347 1036 vitam
1360 1008 1484 1036 suam

988 1063 1155 1103 somnio
1205 1074 1334 1112 quam
1384 1062 1484 1101 navi

987 1128 1159 1168 credere
1247 1128 1480 1167 maluisset.

988 1194 1149 1233 Memor
1183 1195 1324 1232 autem
1361 1193 1484 1232 bene-

988 1259 1070 1298 ficii
1099 1258 1486 1310 elegantissimo

987 1325 1210 1364 carmine
1256 1322 1487 1373 <salutis

987 1391 1265 1430 auctorem
1370 1388 1480 1429 add.

992 1454 1144 1505 Gertz,
1179 1454 1375 1507 Kempf>
1410 1466 1484 1494 ae-

987 1521 1244 1560 ternitati
1303 1531 1485 1559 conse·

987 1586 1172 1635 crevit,
1196 1585 1347 1625 melius
1367 1585 1424 1624 illi
1444 1588 1485 1624 et

987 1651 1237 1690 diuturnius
1261 1651 1304 1690 in
1330 1650 1485 1690 animis

988 1717 1210 1756 hominum
1238 1717 1484 1767 sepulcrum

988 1782 1253 1822 constituens
1280 1793 1411 1832 quam
1440 1781 1484 1820 in

987 1847 1168 1887 desertis
1231 1849 1272 1886 et
1328 1846 1485 1898 ignotis

988 1913 1131 1952 arenis
1159 1914 1388 1952 struxerat.

1557 344 1656 386 dam
1666 342 1931 398 proiectum
1942 355 2055 387 mor·

1557 413 1680 451 tuum
1690 410 2058 461 vidissetenmque

1559 476 1843 527 humavisset,
1862 474 2055 518 habu-et-

1557 553 1642 592 que
1668 542 1713 582 in
1734 541 1879 583 animo
1900 551 2055 583 navem

1557 607 1861 659 conscendere,
1891 605 2055 648 moneri

1558 672 1680 712 visus
1701 674 1787 724 est,
1813 682 1869 713 ne
1884 671 1930 712 id
1946 670 2057 714 hee·

1559 740 1644 788 ret,
1676 737 1732 778 ab
1749 748 1822 789 eo,
1842 747 1973 789 quem
1990 747 2056 778 se-

1559 802 1733 854 pultura
1763 802 1985 851 effeceram
2016 801 2056 843 si

1559 857 1935 920 navignm‘enm
1950 877 2056 909 nau-

1558 932 1697 984 fragio
1750 943 1849 973 me
1898 932 2056 985 peritu-

1560 1010 1677 1038 rum:
1706 999 1851 1050 itaque
1874 997 2056 1040 Siluani·

1557 1063 1655 1103 dem
1682 1063 1864 1104 redisse:
1892 1057 2058 1115 perlue

1558 1131 1744 1180 ceteros,
1820 1129 1896 1180 qui
1962 1131 2055 1170 tum

1559 1195 1850 1246 navigassent.

470 1978 744 2029 Compar-anti
774 1978 938 2018 Libanii
959 1976 1145 2030 διήγημα
1164 1979 1206 2017 et
1224 1989 1321 2017 cum
1341 1976 1508 2016 Valerio
1526 1977 1655 2024 atque
1674 1974 1877 2015 Cicerone
1897 1976 1940 2014 et
1954 1984 2056 2014 cum

419 2044 587 2084 Scholio
624 2044 832 2084 Aristideo
869 2043 1143 2094 perspicuum
1188 2054 1284 2082 esse
1311 2044 1415 2093 puto
1443 2043 1647 2091 quattuor
1680 2040 1760 2080 has
1788 2038 2056 2080 narrationes

416 2110 474 2149 ita
509 2122 605 2148 esse
640 2112 864 2160 cognatas,
904 2111 950 2148 ut
983 2121 1034 2148 ex
1063 2109 1210 2148 eadem
1240 2109 1373 2158 stirpe
1401 2109 1662 2158 propagatae
1686 2105 1926 2145 censendae
1951 2104 2051 2144 sint.

415 2175 498 2221 Qui
540 2177 682 2214 autem
724 2175 843 2215 locus
884 2177 949 2214 est
986 2175 1039 2214 de
1074 2175 1403 2225 epigrammate,
1449 2173 1486 2211 is
1524 2172 1688 2222 integer
1725 2171 1926 2211 servatus
1959 2179 2058 2210 esse

417 2240 584 2279 videtur
620 2241 662 2279 in
705 2240 891 2288 Scholio;
931 2240 1169 2279 alluserunt
1206 2239 1260 2278 ad
1300 2250 1452 2278 versus
1492 2236 1698 2276 Libanius
1734 2234 1807 2287 (cl.
1838 2236 2057 2287 σωτῆρα

415 2304 545 2345 αὑτοῦ
583 2303 654 2345 τὸν
689 2304 883 2357 κείμενον
919 2304 1123 2357 ἐκηρυξεν
1159 2302 1353 2355 ἐπιγρα
1363 2318 1412 2355 μ
1410 2316 1529 2342 ιιατι
1565 2313 1663 2342 cum
1700 2297 2058 2353 epiyrammalt't

415 2371 589 2410 exordio
626 2367 750 2414 οὗτος
786 2368 810 2410 ὁ
847 2372 920 2410 τοῦ
960 2367 1102 2409 Κείοιο
1139 2367 1387 2421 Σιμωνίδου
1425 2365 1506 2407 ἔστι
1534 2364 1753 2417 σαωτήρ
1778 2362 1890 2415 κτλ.)
1925 2366 2057 2415 atque

417 2436 559 2475 minus
588 2436 811 2486 perspicue
838 2435 1031 2474 Valerius
1062 2431 1496 2486 (‘ele9antissimum
1524 2429 1745 2482 carmen’)
1765 2429 1844 2481 2⁷),
1881 2429 2051 2480 Cicero,

416 2501 483 2539 cui
512 2501 704 2551 exemplo
731 2500 1114 2540 demonstrandum
1142 2502 1256 2549 erat,
1289 2499 1392 2548 quid
1422 2498 1600 2537 somniis
1620 2495 1896 2536 tribuendum
1914 2496 2051 2545 esset,

417 2565 631 2604 somnium
668 2567 836 2605 tantum
864 2565 1055 2615 curavit,
1096 2564 1359 2615 epigramma
1389 2574 1491 2602 vero
1519 2574 1701 2613 prorsus
1730 2560 1927 2612 neglexit.
1973 2560 2056 2601 nic

416 2632 557 2669 autem
587 2630 711 2669 nobis
738 2631 878 2670 locum
907 2631 979 2670 dat
1008 2630 1248 2679 statuendi,
1280 2640 1468 2679 quonam
1488 2640 1540 2667 ex
1560 2628 1677 2667 tonte
1694 2627 1798 2667 haee
1813 2625 2055 2667 testimonia

417 2695 632 2734 fluxerint.
668 2694 899 2735 Simonidis
923 2696 1138 2734 somnium
1163 2695 1372 2745 imprimis
1396 2706 1420 2733 a
1448 2693 1600 2733 Stoicis
1619 2689 2072 2741 commemorabatur,

458 2878 508 2919 ²‘⁴')
556 2879 714 2912 Fuerunt
749 2880 812 2913 viri
844 2880 935 2913 docti
966 2880 1087 2920 (Schn.
1112 2890 1142 2922 p.
1167 2879 1251 2920 172,
1289 2879 1420 2921 Bergk,
1454 2879 1570 2920 Preg„
1604 2878 1779 2911 Hauvette
1802 2886 1834 2919 p.
1857 2874 2054 2918 1¹3),.-qui

417 2937 560 2969 flosculo
584 2936 758 2968 rhetorico
784 2936 911 2969 Valerii
935 2936 1166 2969 circumducti
1191 2935 1519 2977 ‘elegantissimum'
1543 2935 1629 2967 illud
1655 2933 1820 2966 ‘carmen'
1844 2932 2055 2975 pmhymno

417 2993 607 3028 haberent:
638 3003 745 3035 quem
780 2993 939 3035 Emporia
970 2998 1114 3026 aiu-tone
1144 2993 1230 3025 ndco
1255 2993 1407 3034 reperire
1433 2993 1619 3024 voluerunt
1645 2991 1679 3022 in
1706 2991 1905 3029 fragmento
1927 2988 2053 3031 hymni

414 3049 570 3090 adespoti
596 3049 630 3081 in
655 3052 921 3090 tempestatem,
945 3049 1037 3091 quod
1063 3049 1196 3090 legitur
1218 3049 1310 3090 apud
1339 3048 1429 3080 mut.
1456 3049 1538 3088 reip.
1562 3057 1634 3087 ger.
1659 3045 1821 3088 m·.798e
1842 3049 1952 3087 atque
1974 3043 2052 3076 ideo

416 3105 507 3147 apud
535 3105 723 3147 Bergkium
748 3109 787 3137 ut
812 3105 1001 3138 Simonidis
1026 3105 1066 3137 l'r.
1090 3104 1135 3137 ⁸23
1158 3109 1346 3147 comparet.
