2072 3568
920 236 971 274 55
1636 238 1661 290 g
1691 240 1755 279 29.

126 369 250 399 orum
289 359 504 397 servatum
543 360 620 397 est.
673 359 735 397 Ea
775 371 875 398 vero
912 360 1032 399 facile
1070 361 1208 400 omnis
1247 373 1271 400 a
1311 362 1493 401 Diodoro
1530 364 1759 403 transmitti

91 439 92 442 ¹
124 423 287 475 potuit,
339 422 374 461 si
422 423 623 472 Ephorus
666 424 870 462 Herodoti
915 423 1050 475 (VIII.
1097 424 1166 475 94)
1211 428 1451 476 exemplum
1495 431 1666 468 secutus
1708 429 1760 468 de

127 487 356 530 corinthiis
384 488 586 527 disseruit
614 489 658 526 in
687 489 950 539 digressione
974 492 1070 539 post
1093 503 1284 541 pugnam
1307 504 1475 531 omnem
1499 496 1753 533 enarratam.

39 604 41 606 Υ
79 562 82 566 ’
125 553 198 604 At,
238 553 418 604 dixeris,
461 553 705 592 Herodotus
744 554 787 592 in
825 555 876 593 iis
914 567 1106 606 quoque,
1148 568 1258 606 quae
1294 557 1346 596 de
1374 558 1633 598 Graecorum
1662 571 1758 598 con-

126 618 230 659 siliis
271 618 421 668 tradit,
467 619 535 657 hic
571 619 655 657 illic
693 619 934 659 Corinthios
971 621 1142 670 oblique
1178 623 1504 671 perstrinxerat:
1550 624 1757 663 Corinthi-

123 694 247 723 orum
289 684 378 723 dux
418 684 672 723 Adimantus
714 685 757 723 in
795 686 970 727 consilio
1007 687 1330 726 Themistoclem
1368 689 1498 728 verba
1536 690 1757 729 facientem

125 749 408 788 acerbissimis
432 749 556 789 dictis
579 750 806 789 interfatur
830 750 882 801 (c.
904 751 974 801 59,
1001 751 1091 802 61);
1118 753 1342 803 Aristides,
1371 765 1468 792 cum
1489 754 1757 794 Themistocli

124 814 291 854 nuntiat
312 814 574 862 Graecosab
599 815 794 854 hostibus
819 827 914 855 esse
938 817 1263 867 circumclusos,
1291 819 1394 857 haec
1418 819 1556 858 dicere
1578 820 1757 870 fingitur

126 877 180 930 (e.
213 878 303 931 79):
342 877 402 918 ὅτι
438 882 514 919 νῦν
552 878 645 920 οὐδ’
683 880 734 932 ἢν
771 879 929 921 θέλωσι
967 879 1262 933 Κορίνθιοί
1292 897 1333 922 τε
1361 881 1432 922 καὶ
1460 882 1585 928 αὐτὸς
1613 882 1754 935 Εὐρυ-

58 962 62 967 ·
122 941 274 996 βιάόης
301 943 383 984 οἶοί
407 959 448 985 τε
476 945 637 986 ἔσονται
666 945 890 986 ἐκπλῶσαι.
933 948 994 986 Ne
1022 948 1124 987 haec
1152 949 1260 987 levia
1288 949 1459 998 quidem
1488 950 1756 989 Atheniensis

5 999 12 1030 *¹
49 1016 72 1055 ζ
122 1007 207 1048 odii
233 1009 486 1051 documenta
510 1012 713 1062 leguntur
736 1013 851 1062 apud
877 1013 1122 1052 Diodorum.
1156 1013 1279 1059 Quod
1298 1015 1494 1064 equidem
1514 1027 1599 1053 non
1620 1015 1755 1064 ipsius

6 1062 12 1111 ῗ
44 1084 60 1109 1²
123 1074 411 1126 neglegentiae
456 1078 531 1117 sed
574 1078 796 1128 Ephoreae
838 1079 1073 1118 defensioni
1115 1079 1414 1129 imputaverim
1457 1080 1616 1118 collatis
1659 1081 1754 1118 Plu-

8 1165 10 1186 ς
64 1147 67 1158 ³
121 1140 303 1180 tambeis
343 1142 447 1182 locis
485 1143 631 1182 Them.
668 1144 738 1194 11,
785 1144 858 1183 ubi
900 1145 1114 1184 Adimanti
1156 1145 1199 1184 in
1238 1146 1558 1185 Themistoclem
1596 1145 1754 1184 dictum

8 1250 11 1259 y
121 1203 324 1246 tribuitur
365 1208 602 1259 Eurybiadi
629 1208 708 1260 29),
755 1211 884 1259 atque
923 1210 1050 1249 Arist.
1089 1210 1136 1260 8,
1183 1211 1255 1250 ubi
1292 1211 1489 1250 Aristidis
1528 1210 1656 1249 verba
1695 1211 1754 1249 sic

11 1264 14 1268 ⁵
122 1263 377 1314 commutata
419 1274 699 1324 praebentur:
743 1273 850 1315 ὥστε
891 1273 962 1315 καὶ
1003 1273 1130 1320 τοὺς
1171 1275 1238 1328 μὴ
1283 1275 1548 1319 θέλοντας
1589 1274 1751 1326 ἀνάγκη

11 1367 12 1370 ¹
119 1335 367 1390 κατείληφεν
395 1337 589 1391 ἀγαθοὺς
617 1339 777 1391 ἄνδρας
805 1338 906 1380 εἶναι
934 1339 1006 1380 καὶ
1032 1339 1256 1394 μάχεσθαι.

174 1403 394 1453 Ephorum
437 1418 534 1445 cum
576 1408 792 1446 auctorem
836 1407 971 1446 fuisse
1012 1407 1271 1458 viderimus,
1319 1408 1391 1456 qui
1433 1419 1485 1445 ex
1527 1406 1754 1455 scriptione

10 1490 11 1493 ¹
119 1467 292 1509 minime
339 1471 512 1522 vulgata
560 1472 816 1522 prodidisset
865 1473 1055 1522 quinque
1102 1473 1171 1512 illa
1219 1473 1551 1523 epigrammata,
1605 1483 1656 1510 ex
1704 1483 1752 1510 eo

44 1524 290 1584 5411109116
325 1547 374 1575 ea
411 1536 455 1575 in
493 1537 770 1577 Plutarchum
808 1540 1043 1588 propagata
1076 1539 1161 1577 sint
1190 1549 1361 1577 necesse
1388 1539 1464 1576 est.
1512 1538 1751 1587 Ephoream

50 1594 83 1646 ζ’,
118 1603 260 1639 autem
297 1603 513 1642 materiem
552 1604 723 1653 saepius
757 1615 780 1643 a
811 1604 1039 1643 Plutarcho
1067 1604 1110 1643 in
1138 1604 1276 1643 libello
1310 1603 1374 1642 ‘de
1404 1603 1606 1642 Herodoti
1636 1603 1751 1641 mali-

118 1663 292 1715 gnitate’
331 1669 639 1719 oppugnationi
677 1669 911 1708 subiectam
948 1681 1042 1709 esse
1079 1671 1240 1709 certum
1278 1669 1464 1708 videtur:
1503 1669 1546 1706 in
1576 1680 1668 1718 cap.
1700 1667 1750 1706 32

118 1726 172 1768 de
206 1730 500 1783 Thermopylis
537 1734 628 1773 coll.
669 1735 787 1773 Diod.
822 1735 894 1773 XI.
930 1735 979 1774 10
1007 1738 1135 1784 atque
1163 1735 1316 1773 Iustin.
1350 1734 1406 1772 II.
1443 1734 1485 1772 ll
1522 1733 1624 1783 (vid.
1658 1733 1750 1771 Vol-

116 1797 356 1848 quardsen,
398 1799 568 1841 UnterS.
610 1800 682 1839 iib.
722 1800 878 1839 Diodor
910 1801 1011 1840 1868
1039 1813 1079 1850 p.
1113 1800 1207 1850 31),
1247 1801 1291 1838 in
1322 1812 1412 1849 cap.
1446 1799 1518 1848 40,
1561 1798 1675 1848 quod
1704 1799 1750 1836 ut

8 1895 10 1899 ,
118 1862 312 1901 nostrum
341 1875 431 1914 cap.
459 1864 510 1904 39
538 1867 602 1904 est
631 1865 683 1904 de
712 1877 857 1916 pugna
890 1866 1144 1916 Salaminia,
1178 1866 1269 1904 coll.
1303 1865 1422 1903 Diod.
1457 1865 1528 1902 XI.
1562 1864 1612 1902 27
1644 1863 1747 1914 (vid.

7 1933 10 1940 ’
55 1924 361 1981 ,ᾗχἨοῙΖιιρῐθῃ
408 1929 555 1969 Philol.
597 1930 662 1970 46.
708 1930 807 1970 1884
850 1943 890 1981 p.
933 1931 984 1970 30
1026 1943 1067 1970 n.
1109 1930 1203 1981 25),
1249 1931 1291 1968 in
1335 1941 1425 1979 cap.
1467 1929 1540 1978 36,
1586 1929 1628 1967 in
1665 1940 1750 1978 quo

6 1979 11 2014 ἶ
73 2026 95 2035 Γ
118 1993 263 2032 eontra
291 1993 556 2034 Herodotum
585 1995 818 2034 Naxiorum
849 1996 1025 2046 suscipit
1054 1996 1364 2044 defensionem,
1398 1994 1471 2033 ubi
1501 1995 1661 2033 certum
1685 1996 1749 2032 est

6 2051 11 2114 f
58 2082 90 2113 b.
117 2066 235 2108 eum,
281 2059 329 2098 ut
368 2059 412 2098 in
454 2060 535 2099 illis
578 2061 809 2111 capitibus,
856 2062 1017 2111 Ephori
1061 2073 1213 2100 nomen
1257 2061 1547 2110 neglecturum
1590 2059 1744 2107 fuisse,

63 2115 199 2177 Zssssnissi
240 2123 440 2174 Ephorus
482 2126 573 2176 ipse
613 2127 842 2166 indicasset
885 2139 931 2166 se
972 2127 1015 2165 in
1060 2138 1238 2165 numero
1276 2126 1449 2164 navium
1489 2124 1742 2172 Naxiarum,

6 2188 11 2243 J
117 2191 225 2238 quae
252 2189 424 2230 Graecis
452 2192 609 2231 auxilio
638 2192 876 2242 venissent,
910 2193 964 2231 ab
994 2192 1210 2232 Hellanico
1240 2191 1432 2230 recedere
1450 2189 1518 2240 30).

156 2247 320 2295 ‘Utrum
362 2258 504 2296 autem
547 2258 719 2308 Ephoro
756 2259 849 2308 ipso
886 2270 1015 2297 usum
1051 2269 1146 2297 esse
1183 2268 1432 2297 censeamus
1472 2255 1745 2294 Plutarchum

4 2319 7 2367 J
74 2323 168 2362 'sss—
191 2310 300 2360 'eum
335 2323 509 2362 omnino
546 2335 632 2362 non
670 2323 922 2374 cognovisse
960 2324 1180 2373 Ephorum
1219 2324 1268 2361 E.
1310 2322 1467 2372 Meyeri
1504 2323 1568 2359 est
1605 2318 1746 2369 opinio

3 2401 10 2431 J
64 2373 288 2426 '‘Forseh.
330 2387 364 2427 Ι.
406 2387 505 2438 261,
548 2389 606 2428 ΙΙ.
648 2389 698 2428 67
737 2411 787 2416 —
826 2400 880 2428 an
920 2400 994 2438 per
1032 2388 1190 2428 fontem
1219 2387 1480 2436 derivatum,
1523 2385 1563 2424 id
1593 2396 1743 2435 parum

58 2449 286 2495 nostrae
312 2452 621 2503 disquisitionis
649 2454 836 2493 interest.

167 2515 375 2562 Quoniam
415 2518 734 2569 Theopompum
776 2531 840 2569 ep.
877 2519 951 2558 137
993 2531 1043 2558 ex
1088 2519 1259 2568 Ephoro
1297 2517 1495 2567 petivisse
1534 2515 1739 2563 vidimus,

98 2587 213 2642 gum
238 2584 279 2621 et
305 2583 487 2623 eundem
515 2584 719 2624 habuisse
746 2585 1063 2635 epigrammatis
1092 2587 1253 2623 textum
1283 2585 1410 2632 atque
1434 2582 1550 2620 illum
1575 2590 1746 2619 necesse

3 2651 7 2659 ’
79 2654 114 2694 3
161 2646 180 2686 t
200 2649 240 2687 et
262 2648 407 2688 eadem
433 2650 690 2690 narrationis
713 2651 917 2690 elementa
945 2649 1116 2700 (nomen
1139 2651 1285 2699 poetae
1305 2646 1533 2695 omissum,
1563 2655 1739 2692 uxores,

156 2828 206 2872 ²9)
250 2831 458 2867 Corinthius
488 2838 609 2868 autem
641 2838 695 2868 est
718 2834 931 2875 Cleocritus,
962 2834 1023 2876 qui
1050 2834 1140 2866 Plut.
1166 2834 1223 2866 Ar.
1247 2834 1268 2865 8
1291 2832 1562 2865 Themistoclem
1587 2830 1741 2861 oratione

3 2983 6 2986 Δ
79 2886 235 2985 'mg‘
248 2941 405 2987 τῶν-μὲν
426 2943 677 2989 πρεσβυτέρων
695 2944 959 2982 Ἑλλάνικος
983 2947 1039 2986 (fr.
1053 2946 1113 2987 81,
1141 2945 1236 2978 ΓΗΘ.
1262 2946 1283 2977 l.
1305 2944 1380 2985 513),
1406 2945 1476 2974 τῶν
1499 2939 1537 2974 δὲ
1563 2938 1742 2981 νεωτέρων

127 3038 130 3040 ,
160 3008 300 3043 φῦρῡς
322 3001 477 3046 (fr-113,
502 3002 600 3036 FHG.
619 3003 644 3037 1.
662 3002 761 3045 265),
785 3001 806 3033 ὁ
826 3000 891 3044 μὲν
914 3001 970 3042 ἔξ,
994 3000 1014 3033 ὁ
1036 2999 1075 3034 δὲ
1098 3000 1197 3033 πέντε
1221 2998 1321 3033 ναυσὶ
1347 2997 1425 3035 τοὺς
1452 2997 1604 3037 Ναξίους
1627 2994 1741 3029 ἐλθεῖν

69 3053 333 3108 ‚gfofe'fflnm
348 3056 570 3101 βουθοῦντας
587 3056 782 3102 ἱστορήσας.
811 3058 979 3092 nouauit-i
997 3058 1121 3090 notitia
1141 3057 1328 3089 Plutarcho
1347 3056 1511 3088 nimirum
1530 3065 1568 3086 cx
1586 3054 1741 3095 lssphorca

38 3139 39 3143 ,
83 3108 198 3166 ffla
219 3115 304 3147 erat.
328 3113 380 3147 Cf.
404 3113 421 3157 S
445 3114 498 3148 49.
