2138 3626
701 871 734 915 (2
770 871 807 914 Λ
843 871 877 915 Ρ
909 871 948 914 Π
982 871 1017 915 Τ
1082 871 1114 915 l.

278 1011 329 1048 DE
355 1010 643 1048 FUNDAMENTO
669 1010 917 1050 QUAESTIONJ
945 1011 1200 1050 SIMONJDEAE
1227 1012 1550 1071 SUBSTRUENDQ

142 1142 168 1194 ᾖ
211 1143 245 1182 1.
314 1142 526 1183 Virorum
571 1143 813 1183 doctorum
855 1143 1043 1195 scripta.
1104 1145 1423 1195 Epigrammata
1442 1176 1451 1194 ,
1498 1157 1609 1195 quae
1650 1159 1724 1197 per

87 1209 228 1248 varios
253 1209 508 1258 scriptorum
534 1209 795 1248 Graecorum
819 1209 951 1248 libros
976 1210 1170 1259 dispersa
1200 1210 1431 1250 Simonidis
1457 1211 1527 1250 Cei
1554 1213 1725 1251 nomine

86 1274 306 1324 feruntur,
349 1274 403 1313 ab
442 1275 598 1313 Ursino
631 1275 782 1313 Allatio
813 1275 1028 1313 Brunekio
1055 1275 1256 1314 ‹Jacobsio
1285 1276 1526 1315 Gaisfordio
1555 1278 1723 1316 collecta

86 1339 277 1378 omnium
315 1339 655 1378 testimoniorum
694 1342 903 1390 apparatu
942 1341 1150 1379 instructa
1189 1344 1520 1390 composuerunt
1553 1342 1723 1382 Schnei-

86 1403 221 1442 dewin
245 1404 288 1443 in
314 1403 544 1443 Simonidis
568 1405 843 1454 reliquiarum
866 1404 1094 1456 editionel)
1119 1407 1246 1455 atque
1269 1406 1409 1455 Bergk
1431 1407 1474 1445 in
1498 1407 1722 1447 Poetarum

40 1482 51 1498 0
89 1469 335 1519 Lyricorum
375 1470 634 1509 Graecorum
674 1471 890 1510 volumine
927 1471 1008 1510 ΙΙΙ.
1057 1472 1107 1510 In
1147 1483 1330 1520 quorum
1369 1472 1724 1521 epigrammatum

86 1535 212 1574 fidem
252 1537 380 1585 atque
417 1536 623 1586 originem
665 1536 742 1575 viri
781 1537 891 1575 docti
921 1539 1033 1575 certa
1065 1537 1228 1575 ratione
1256 1539 1383 1586 atque
1413 1538 1479 1576 via
1509 1538 1725 1588 inquirere

86 1599 256 1639 demum
295 1603 547 1651 coeperunt,
591 1603 818 1651 postquam
857 1602 972 1641 Aem.
1015 1602 1122 1651 Aug.
1164 1602 1402 1651 Junghahn
1436 1601 1577 1654 (1869)
1610 1616 1723 1653 mag-

87 1677 191 1704 num
232 1677 379 1705 eorum
422 1678 675 1716 numerum,
723 1679 906 1716 quorum
951 1667 1057 1705 fides
1100 1678 1239 1716 usque
1281 1667 1332 1706 ad
1377 1668 1417 1705 id
1461 1670 1628 1718 tempus
1674 1681 1725 1707 ne

87 1731 335 1770 addubitata
373 1732 544 1781 quidem
582 1734 695 1782 erat,
741 1732 946 1771 Simonidi
976 1732 1306 1771 abiudieandum
1337 1734 1514 1772 censuit.
1557 1734 1724 1779 Quibus

131 1860 162 1902 1)
211 1862 353 1895 Fulvius
386 1863 580 1896 Ursinus
610 1864 643 1896 in
670 1863 758 1896 libro
782 1862 958 1896 ‘Carmina
983 1864 1115 1896 Novem
1142 1864 1338 1896 Illustrium
1367 1864 1590 1896 Feminarum
1618 1890 1624 1896 .
1651 1889 1658 1898 .
1685 1891 1690 1897 .
1717 1890 1724 1898 .

87 1921 123 1950 et
151 1918 355 1960 Lyricorum
381 1944 389 1951 .
412 1945 418 1952 .
443 1945 450 1951 .
474 1945 480 1952 .
505 1921 646 1963 Elegiae
672 1945 679 1953 .
701 1945 708 1953 .
730 1945 736 1952 .
761 1946 767 1952 .
794 1921 956 1953 Bucolica
978 1919 1098 1961 (Antv.
1122 1919 1235 1960 150&
1260 1920 1449 1953 Simonidis
1473 1922 1725 1962 epigrammata

89 1975 160 2007 fere
190 1975 310 2008 omnia
342 1986 455 2018 usque
487 1977 528 2010 ad
563 1977 595 2009 id
629 1977 798 2019 temporis
830 1982 913 2010 nota
946 1995 988 1999 —
1020 1978 1174 2019 exceptis
1206 1978 1315 2019 igitur
1347 1978 1406 2018 iis,
1440 1987 1531 2019 qnae
1565 1978 1665 2010 unire
1691 1979 1724 2010 iu

88 2030 299 2074 Antbologia
324 2031 494 2064 Palatina
518 2033 688 2074 leguntur
712 2050 755 2056 —
783 2043 814 2075 p.
839 2032 1016 2066 157—169
1040 2034 1150 2066 edidit
1174 2034 1535 2076 annotationibusque
1561 2035 1727 2066 instruxit

89 2097 119 2129 p.
153 2086 340 2121 :328—335.
390 2089 457 2121 Leo
497 2089 719 2129 Allatius,
759 2100 839 2122 cum
878 2091 912 2122 in
950 2089 1038 2122 libro
1075 2090 1128 2121 ‘de
1163 2090 1368 2122 Simeonum
1405 2091 1542 2132 scriptis
1577 2091 1727 2123 diatriba

87 2142 210 2184 (Paris.
250 2143 364 2184 ffimy
402 2146 509 2178 etiam
550 2146 593 2178 de
632 2145 811 2179 Simonide
850 2147 1038 2180 dissereret
1077 2147 1224 2188 eiusque
1265 2147 1563 2189 epigrammatum
1600 2147 1725 2179 seriem

88 2199 250 2233 laudaret
288 2210 318 2243 p.
353 2201 418 2234 212
453 2212 551 2245 sqq.‚
592 2202 708 2236 Ursini
744 2203 851 2244 copiis
870 2201 1056 2245 ‘neglectis
1093 2206 1231 2244 praeter
1267 2213 1439 2245 perpauca
1478 2204 1546 2235 alia
1582 2203 1727 2236 adduxit

89 2256 210 2298 viginti
235 2257 307 2290 fere
330 2258 588 2301 epigrammata
610 2269 650 2291 ex
675 2260 791 2292 codice
817 2259 989 2292 Palatino
1014 2260 1106 2301 ipso,
1129 2259 1231 2292 cuius
1248 2270 1327 2292 cum
1347 2261 1472 2292 ceteris
1493 2260 1726 2292 Bibliothecae

90 2312 267 2346 Palatinae
306 2314 405 2347 libris
445 2316 694 2357 manuscriptis
733 2326 753 2348 a
789 2316 1027 2348 Maximiliano
1066 2317 1229 2348 navariae
1267 2317 1359 2348 Duce
1394 2316 1472 2348 Sedi
1511 2316 1726 2357 Apostolirae

87 2369 226 2402 donatis
255 2380 284 2403 a.
317 2370 405 2404 1622
439 2371 668 2414 Heidelberga
704 2373 849 2405 Romam
883 2373 1118 2405 transferendi
1151 2372 1280 2404 Allatio
1310 2374 1490 2412 nogotium
1518 2373 1724 2405 mandatum

90 2425 215 2458 fuerat.
253 2427 429 2460 Brunck
466 2428 501 2460 in
538 2426 728 2460 ‘Analectis
762 2427 928 2461 Veterum
964 2429 1149 2461 Poetarum
1185 2428 1409 2460 Graecorum’
1444 2429 1455 2460 l
1487 2428 1724 2470 (argentorati

87 2480 190 2522 1776)
215 2493 245 2524 ρ.
269 2482 463 2525 130-147,
487 2485 630 2526 collegit
652 2485 771 2518 omnia
797 2485 868 2517 fere
893 2495 967 2526 epp.
994 2495 1073 2517 cum
1100 2495 1139 2517 ex
1167 2485 1396 2526 scriptoribus
1420 2488 1496 2517 tum
1523 2495 1562 2517 ex
1590 2486 1726 2517 Antino-

90 2538 190 2580 logiis
224 2539 402 2572 Planudea
437 2543 545 2582 atque
583 2541 742 2573 Palatina
778 2544 878 2581 nota3
911 2551 1003 2583 quae
1027 2541 1290 2573 commentariis
1315 2542 1482 2573 instruxit
1506 2541 1666 2574 Jacobs
1693 2542 1725 2573 in

88 2592 450 2629 ‘Animadversionum
479 2597 514 2628 in
540 2597 621 2639 lflpp.
648 2597 880 2639 Anthologiae
906 2596 1068 2629 Graecae*
1096 2598 1160 2630 vol.
1187 2597 1198 2628 Ι
1224 2597 1330 2639 (Lips.
1355 2596 1458 2637 1798)
1485 2608 1515 2639 p.
1539 2597 1726 2630 216—2723.

89 2648 300 2684 Gaisford
336 2652 371 2684 in
407 2651 607 2685 ‘Poetarum
644 2653 821 2686 Minorum
858 2653 1083 2686 Graecorum*
1122 2656 1186 2686 vol.
1215 2654 1225 2685 1
1263 2652 1387 2693 (Oxon.
1420 2653 1523 2693 1814)
1559 2654 1617 2686 illa
1651 2664 1726 2696 epp.

90 2708 252 2750 repetivit
286 2718 316 2750 p.
340 2707 407 2741 359
441 2719 516 2752 sqq.
554 2711 702 2752 receptis
738 2720 881 2753 quoque
919 2711 977 2751 iis,
1014 2720 1105 2752 quae
1137 2710 1180 2742 ab
1214 2710 1337 2742 Ursino
1371 2721 1486 2742 errore
1519 2710 1727 2743 Simonideis

90 2762 289 2797 adiudicata
318 2770 438 2806 erant,
471 2776 588 2808 neque
623 2767 694 2799 ullo
723 2767 924 2799 discrimine
951 2768 1042 2799 sacto
1068 2768 1159 2800 inter
1182 2764 1300 2808 μελῶν
1324 2767 1606 2799 Simonideorum
1632 2768 1726 2807 frag-

91 2824 210 2853 menta
251 2824 360 2864 atque
403 2823 669 2864 epigrammata.
718 2823 1062 2856 Schneidewini
1108 2823 1208 2863 libri,
1252 2823 1313 2865 qui
1353 2824 1566 2864 ltrunsvigae
1602 2824 1724 2864 prodiit

90 2874 227 2910 a.1835
251 2875 451 2910 ‘Simonidis
475 2878 533 2910 Cei
558 2878 764 2911 (tar-minum
793 2879 984 2921 Reliquiae'
1011 2879 1216 2921 inscriptus.
1243 2881 1351 2911 altera
1366 2889 1443 2920 pars
1459 2880 1727 2920 lipigramniatis

91 2931 249 2965 dedicata
272 2936 360 2966 erat.

136 2987 184 3021 De
214 2989 511 3031 epigrammatum
546 3001 694 3024 numero
718 2991 861 3024 videant
887 2993 1031 3024 lectores
1056 3002 1127 3033 rap.
1156 2991 1198 3023 lll
1225 2990 1241 3028 ,Ε
1265 2991 1308 3023 39
1334 3002 1366 3023 n.
1391 2990 1420 3023 1.
1459 2991 1682 3023 'l'estimoniis
1707 3001 1727 3023 a

93 3043 174 3077 viris
204 3044 314 3079 doctis
344 3046 499 3079 collectis
532 3047 603 3089 ipse
635 3047 761 3079 addere
797 3048 892 3089 potui
926 3048 1168 3080 testimonium
1203 3058 1253 3088 op.
1288 3046 1350 3079 147
1384 3048 1474 3089 apud
1502 3047 1614 3079 Sanni.
1642 3047 1726 3079 iim·-

93 3108 182 3141 mog.
206 3100 277 3134 VH.
310 3101 398 3135 1084
431 3102 539 3136 Walz.
571 3102 604 3143 (ἓ
628 3102 686 3143 79)
717 3107 754 3135 et
786 3104 1029 3135 testimoninm
1066 3104 1268 3135 universnm
1303 3104 1344 3134 do
1378 3113 1453 3144 epp.
1479 3103 1610 3135 snnon.
1635 3103 1724 3143 apud

93 3154 279 3191 Aristidem
303 3158 345 3190 de
372 3158 415 3191 {v
439 3159 499 3192 vir.
524 3158 589 3192 215
615 3160 651 3192 Π.
677 3158 709 3199 (ᾖ
734 3159 824 3199 132).

1579 3216 1589 3250 1
