2072 3568
391 206 491 256 cap.
527 204 616 255 111,
652 204 696 255 1,
728 203 767 244 2.
1181 202 1233 242 ao

449 331 480 370 1.
544 330 621 381 Ep.
672 329 724 368 96
771 329 924 379 legitur
971 329 1012 368 in
1052 328 1191 379 lapide
1231 327 1446 368 Salamine
1484 327 1679 378 invento,
1720 338 1849 380 quem
1885 327 2031 372 addita

390 397 574 446 imagine
620 395 900 446 photograpta
949 394 1103 445 publici
1149 394 1255 433 iuris
1297 393 1393 433 iecit
1438 393 1500 433 St.
1547 393 1598 433 N.
1648 393 1879 446 Dragumis
1919 395 2027 437 um.

390 462 504 502 arch.
540 462 645 500 Inst.
680 460 774 499 Ath.
811 460 911 499 1897
941 471 980 510 p.
1015 459 1065 498 52
1090 470 1184 508 sqq.
1211 458 1472 508 (Hicks-Hill
1499 458 1581 509 18).
1615 458 2032 511 Inscriptioexhibet

389 527 729 578 epigrammatis,
771 526 885 575 quod
924 527 987 563 est
1025 525 1067 564 in
1099 524 1417 563 Corinthiorum
1448 524 1676 574 honorem,
1707 525 1782 577 qul
1810 525 1855 567 in
1883 535 2031 578 pugn·

393 592 622 631 Salaminia
661 590 925 639 ceciderunt,
968 590 1150 629 ior-mam
1189 589 1240 628 A¹
1283 589 1355 639 (cf.
1400 589 1675 630 Wilamowitz
1713 601 1754 642 p.
1795 589 1876 632 306
1912 589 2028 644 ιφ),

391 659 444 698 A*
481 658 635 708 legitur
672 668 739 707 ap.
784 655 1060 695 Plutarchum
1099 655 1152 694 de
1190 655 1244 695 H.
1278 667 1333 694 m.
1366 655 1446 695 870
1473 666 1519 705 e,
1564 655 1595 695 S
1624 656 1740 707 apud
1769 656 2031 699 Favorinum

393 723 555 775 [Pa-D,
590 720 711 773 Chr.]
746 721 955 760 XXXVII.
992 720 1052 760 18.
1089 721 1148 760 De
1176 721 1304 759 trium
1336 721 1489 760 harum
1519 721 1756 762 formarum
1785 721 2034 763 condicione

390 789 476 827 dixi
509 786 535 839 g
566 787 630 827 34.

443 854 480 893 2.
541 853 619 904 Ep.
656 853 753 902 150,
786 852 900 902 quod
929 851 1113 891 duorum
1142 851 1422 890 distichorum
1452 855 1516 891 est
1544 851 1627 891 ΑΡ.
1651 852 1724 892 vl.
1754 852 1829 892 144
1853 850 2028 904 etma‘,

390 919 563 970 agnovit
593 918 784 957 wilhelm
816 930 856 968 p.
888 918 967 957 227
997 928 1090 967 sqq.
1125 917 1166 955 in
1198 917 1344 956 herma
1373 917 1510 968 capite
1537 919 1691 957 trunco
1718 917 1845 958 medii
1872 917 2032 959 mooun

389 985 526 1035 quinti
566 984 810 1034 Marcopulo
847 984 1041 1032 invento,
1085 983 1127 1022 in
1166 994 1253 1033 quo
1292 983 1413 1033 prius
1442 985 1608 1022 tantum
1637 982 1849 1023 distichon
1877 982 2033 1035 legitur
2068 975 2072 979 ⁴

389 1054 517 1100 atque
545 1050 621 1099 ita,
654 1052 700 1088 ut
730 1060 933 1088 versuum
964 1049 1081 1087 locus
1111 1049 1348 1088 illustretur
1377 1049 1420 1087 in
1453 1046 1601 1101 [plat]
1634 1048 1869 1099 Hipparch.
1899 1047 1982 1089 228
2006 1058 2033 1089 ο

390 1116 620 1154 indicatus:
660 1113 704 1154 ἓν
731 1113 810 1165 μὲν
838 1116 920 1158 τοῖς
948 1112 1014 1153 ἐπ’
1046 1111 1240 1165 ἀριστερὰ
1270 1115 1344 1152 τοῦ
1367 1111 1530 1165 Ἑρμοῦ
1560 1144 1570 1153 .
1605 1144 1614 1152 .
1649 1144 1659 1153 .
1692 1143 1703 1153 .
1735 1112 2031 1167 ἐπιγέγραπται
2070 1112 2072 1114 ’

390 1179 460 1220 κτλ
465 1210 677 1228 ......
711 1178 754 1219 ἓν
793 1178 838 1219 dl*
876 1181 959 1223 τοῖς
996 1178 1060 1218 ἐπὶ
1100 1177 1214 1224 Mem
1252 1177 1337 1219 κτλ.
1391 1180 1451 1218 De
1488 1179 1723 1219 formarum
1759 1178 2031 1220 divmhmm

390 1246 635 1285 condicione
671 1246 723 1284 ci.
760 1244 785 1295 ξ
815 1245 880 1284 91.
929 1245 1113 1283 Hermae
1141 1244 1368 1295 imaginem
1398 1245 1609 1295 expressit
1637 1244 1831 1285 wilhelm
1860 1256 1902 1296 p.
1933 1243 2027 1286 228.

444 1312 481 1351 3.
542 1312 620 1362 Ep.
665 1311 761 1360 108,
803 1311 918 1360 quod
956 1310 1111 1361 legitur
1149 1310 1230 1349 ΑΡ.
1274 1310 1367 1349 VII.
1409 1310 1510 1360 254,
1553 1310 1799 1361 recognovit
1835 1309 2030 1351 Wilhelm

391 1390 430 1428 p.
463 1377 541 1416 222
575 1377 616 1416 in
647 1376 873 1426 fragmenti
903 1376 1151 1426 apographo
1181 1375 1286 1414 CIA.
1321 1376 1377 1414 11.
1417 1376 1516 1415 1677
1547 1375 1618 1426 (--
1647 1375 1884 1416 Hoffmann
1916 1373 2026 1428 124).

392 1443 514 1482 Medii
553 1442 709 1481 saeculi
745 1442 905 1492 quinti,
947 1438 1181 1493 στοιχηὸόν.
1231 1441 1431 1491 Lapidem
1460 1441 1601 1492 ipsum
1632 1441 1826 1481 wilhelm
1853 1440 2031 1482 Athenis

390 1511 551 1548 frustra
581 1508 804 1559 quaesivit.

443 1576 481 1614 4.
543 1575 620 1624 Ep.
665 1573 762 1622 132,
804 1572 918 1622 quod
955 1583 1170 1621 nusquam
1209 1572 1330 1622 (Her.
1364 1572 1411 1611 V.
1446 1571 1510 1622 77,
1543 1572 1626 1612 ΑΡ.
1660 1571 1731 1612 VI.
1762 1571 1864 1621 343.
1906 1570 2026 1612 mod.

392 1641 493 1679 Exc.
535 1640 626 1679 Vat.
670 1639 751 1677 111.
793 1638 866 1687 40,
915 1637 1085 1676 Aristid.
1128 1637 1206 1676 512
1248 1637 1294 1676 D.
1337 1653 1389 1670 =
1427 1637 1502 1677 162
1540 1636 1613 1687 Κ.)
1656 1649 1753 1677 cum
1798 1635 2031 1677 Simonidis

393 1706 561 1744 nomine
598 1704 871 1743 coniunctum
910 1703 1020 1742 inter
1061 1702 1303 1741 Simonidea
1343 1705 1558 1753 receptum
1593 1705 1657 1742 est
1685 1713 1739 1742 ex
1765 1701 1875 1743 falsa
1902 1701 2031 1742 inter-

392 1770 625 1820 pretatione
652 1770 729 1809 loci
759 1768 954 1807 Aristidei
988 1768 1058 1818 (ci.
1086 1767 1112 1818 ξ
1134 1767 1220 1817 55),
1253 1768 1369 1817 quod
1396 1779 1497 1807 vero
1521 1769 1563 1807 in
1591 1767 1696 1819 Syll.
1724 1766 1830 1808 Sim.
1850 1766 2032 1808 anniane

393 1849 476 1875 non
508 1834 750 1886 negaverim
782 1833 853 1884 (cf.
890 1832 915 1884 ξ
946 1833 1032 1883 97),
1066 1835 1284 1872 servatum
1314 1835 1378 1871 est
1407 1833 1448 1871 in
1480 1832 1832 1883 inscriptionibus
1858 1832 2031 1872 duabus

390 1901 592 1950 diversis,
625 1900 755 1939 altera
780 1898 1039 1948 antiquiore,
1071 1898 1203 1937 altera
1226 1898 1475 1947 recentiore,
1507 1898 1561 1937 de
1578 1909 1764 1948 quarum
1785 1897 2032 1938 condicione

390 1968 526 2006 dicam
556 1966 598 2005 in
628 1966 699 2005 alt.
732 1966 773 2004 h.
806 1977 841 2004 c.
875 1967 995 2015 parte
1031 1963 1102 2014 (cf.
1137 1962 1164 2014 ξ
1196 1962 1358 2013 141,5);

444 2046 484 2071 α.
554 2029 780 2071 Vetustior
815 2032 879 2069 est
908 2029 1127 2079 inscriptio
1156 2028 1261 2068 CIA.
1296 2028 1366 2067 IV.
1399 2028 1475 2067 334
1506 2040 1536 2067 a
1564 2040 1605 2079 p.
1635 2028 1685 2068 78
1713 2040 1738 2068 a
1768 2027 2031 2069 Kirchhofflo

541 2097 651 2137 edita
682 2097 794 2136 Mon.
824 2096 919 2135 Ber.
949 2095 1060 2134 Berl.
1083 2094 1161 2134 Ak.
1188 2094 1289 2133 1887
1311 2106 1350 2144 p.
1378 2094 1449 2133 111
1482 2106 1576 2144 sqq.
1602 2094 1746 2145 (Preg.
1766 2093 1832 2144 72,
1864 2093 2026 2135 noum.

542 2163 640 2212 249,
683 2161 923 2201 Hieks-Hill
963 2159 1046 2210 12).
1098 2160 1175 2198 Est
1212 2159 1440 2199 marmoris
1481 2159 1708 2211 Eleusinii,
1751 2159 1917 2199 litterae
1942 2169 2028 2199 uon

542 2225 765 2280 στοιχηδὸν
794 2228 895 2265 sunt
923 2226 1103 2274 incisae,
1136 2224 1293 2264 saeculi
1321 2225 1516 2264 exeuntis
1545 2225 1667 2264 sexti.

445 2295 484 2345 ρ’.
547 2290 830 2333 Recentioris
856 2290 1145 2341 inscriptionis
1173 2290 1260 2329 duo
1287 2292 1433 2329 extant
1462 2290 1729 2340 fragmenta:

546 2360 580 2398 1.
642 2358 746 2398 CIA.
772 2357 805 2396 1.
830 2357 906 2395 334
931 2368 956 2395 a
985 2355 1248 2395 Kirchhoffio
1270 2355 1430 2395 editum
1452 2355 1564 2395 Mon.
1586 2356 1681 2395 Ber.
1702 2355 1814 2395 Berl.
1833 2355 1912 2395 ΑΒ.
1927 2354 2031 2396 1869

641 2436 681 2474 p.
696 2422 774 2462 409
790 2434 885 2472 sqq.
906 2421 1045 2471 (Kaib.
1062 2421 1152 2470 748,
1177 2421 1319 2471 Preg.,
1345 2420 1524 2469 Hoffm„
1550 2420 1684 2460 H.·H.
1702 2419 1801 2471 l.1.).
1826 2419 1906 2460 Est
1918 2430 2031 2460 mar·r

642 2488 773 2527 moris
803 2486 1022 2535 Pentelici,
1061 2486 1224 2525 litterae
1251 2483 1495 2538 στοιχηόὀν,
1535 2485 1692 2524 saeculi
1721 2483 1847 2524 medii
1873 2484 2027 2535 quinti.

543 2554 581 2593 2.
644 2554 947 2603 Fragmentum
974 2551 1220 2602 nuperrime
1238 2562 1263 2590 a
1284 2550 1508 2590 Wilhelmo
1527 2551 1748 2590 inventum
1767 2561 1843 2590 sex
1861 2541 2050 2591 tantnm'
2068 2588 2072 2602 ‚

642 2618 900 2666 litterarum,
934 2616 1048 2666 quod
1077 2616 1232 2666 legitur
1260 2627 1328 2666 ap.
1363 2616 1616 2655 Hieks-Hiu.
1643 2615 1706 2655 12.
2070 2618 2072 2620 ’

594 2754 632 2793 2.
694 2761 1007 2803 ΒΟΒῙΡΤΟΒΕΒ,
1042 2761 1124 2797 Qm
1154 2760 1276 2791 ANTE
1308 2761 1554 2792 SYLLOGEN
1583 2759 1829 2791 coum‘rm

1047 2826 1374 2857 FLORUERUNT.

449 2942 475 2994 ξ
506 2943 570 2983 42.
633 2941 912 2983 Herodotus.
974 2942 1007 2981 Ii
1047 2942 1299 2994 scriptores,
1341 2943 1414 2993 qui
1456 2941 1698 2982 Simoniden
1726 2953 1822 2993 epp.
1852 2939 2037 2999 tundant*

394 3013 492 3048 ante
522 3009 721 3059 Syllogen
752 3009 1047 3048 concinnatam
1077 3009 1232 3048 scilicet
1260 3021 1410 3048 omnes
1433 3009 1700 3048 traditionem
1728 3009 1761 3047 A
1785 3018 2029 3058 repraesen·
2069 3020 2072 3026 ¹

394 3078 497 3114 tant.
519 3076 678 3113 Nomen
696 3076 825 3125 igitur
843 3075 1093 3124 Simonidis,
1116 3075 1231 3125 quod
1247 3075 1371 3114 bisin
1387 3087 1534 3114 eorum
1550 3073 1803 3113 testimoniis
1820 3073 2030 3123 epigram·
