2072 3568
382 222 483 270 Gap.
518 214 607 269 111,
645 218 713 268 15,
749 218 811 258 16.
1164 214 1239 256 132

381 345 624 384 dubitantes
644 342 867 393 diligenter
886 343 1093 381 annotant
1114 341 1155 380 in
1179 341 1370 380 Romana
1384 340 1567 380 editione
1584 339 1807 382 Pindarica
1822 340 1881 393 (a.
1897 339 2020 394 1515)

383 422 464 449 nou
495 407 838 460 ἐπιγράμματος
866 407 939 446 sed
973 405 1334 458 ὑπογράμματυς
1362 405 1569 456 praeberi.
1603 406 1782 446 Etiamsi
1811 418 1896 447 non
1921 418 2021 449 eon·

381 476 586 514 sentirent
613 485 762 513 omnes
790 473 955 512 codices
982 475 1112 522 atque
1134 471 1284 511 Aldina
1312 471 1395 522 (ed.
1417 470 1574 522 prino.)
1600 471 1642 511 in
1670 483 1772 512 voce
1792 469 2022 525 ἐπιγράμ-

380 554 511 590 ματος
551 551 687 589 neque
724 540 937 577 constaret
976 538 1210 577 Romanam
1248 536 1473 576 editionem
1513 536 1613 576 ‘non
1642 535 1819 577 omnino
1843 536 2020 579 liberam

379 618 474 644 esse
498 605 552 644 ab
577 604 899 654 interpolatione
922 605 962 642 et
984 600 1112 642 vitiis·
1141 602 1271 652 (quae
1290 604 1393 641 sunt
1414 601 1543 641 verba
1565 601 1764 642 Boeckhil
1785 601 1806 642 1
1826 613 1868 654 p.
1886 602 2018 654 XIV),

381 672 487 710 fides
513 670 641 710 huius
665 669 953 709 annotationis
974 668 1077 707 nulli
1099 670 1212 707 esset
1232 667 1487 707 dubitationi
1506 666 1705 707 obnoxia.
1737 667 1844 708 Nam
1862 667 2023 719 optime

380 737 599 785 convenit,
631 735 746 785 quod
777 734 818 773 in
849 734 1009 774 scholio
1037 733 1221 773 traditur
1246 731 1587 784 cpiyrammate
1609 732 1685 772 niti
1709 732 1789 773 loci
1808 732 2022 775 Pindarici

381 801 769 851 interpretationem
812 799 1092 848 Aristodemi,
1138 799 1261 838 cuius
1304 798 1346 837 in
1390 798 1500 837 libro
1539 798 1594 838 de
1633 797 1763 838 rebus
1798 797 2022 839 Thebaici·

380 866 724 918 epiyrammata
758 865 1036 915 disputationi
1065 864 1255 903 subiecta
1284 863 1420 903 fuisse
1448 875 1586 914 nuper
1613 863 1924 904 demonstravit
1952 862 2017 904 W.

382 933 545 972 Radtke
581 932 747 982 (Herm.
780 930 845 970 36.
882 930 979 970 1901
1019 942 1059 980 p.
1093 929 1145 969 36
1180 927 1298 979 sqq.)
1335 929 1462 968 simul
1491 929 1587 968 libri
1616 929 1787 970 titulum
1814 928 2021 970 traditum

385 995 581 1049 Θηβαΐκὰ
619 994 1003 1047 ἐπιγράμματα
1040 997 1189 1034 contra
1231 994 1537 1034 Schwanzium
1566 995 1660 1034 iure
1686 993 1922 1035 defendet·
1945 993 2018 1046 (Β).

380 1063 611 1108 Quaeritur
648 1062 798 1113 igitur,
840 1073 1028 1111 quonam
1063 1072 1115 1100 ex
1145 1061 1262 1100 fonte
1288 1060 1584 1100 Aristodemus
1615 1059 1908 1101 Simonideum
1934 1059 2022 1112 epi·

380 1140 572 1178 gramma
621 1127 837 1176 hauserit,
888 1126 1003 1176 quod
1047 1126 1145 1165 sciri
1186 1137 1236 1165 eo
1278 1126 1416 1176 magis
1458 1126 1660 1175 interest,
1709 1125 1812 1176 qula
1853 1127 2023 1177 praeter

380 1194 705 1244 Aristophanem
737 1192 992 1243 Byzantium
1022 1203 1157 1231 unum
1187 1203 1238 1231 ex
1267 1191 1558 1242 grammaticis
1587 1190 1886 1231 Alexandrinis
1905 1190 2022 1231 Aris·

380 1259 595 1298 todemum
612 1258 811 1298 novimus
823 1288 833 1307 ,
858 1258 931 1307 qui
946 1258 1209 1307 epigramma
1227 1256 1520 1296 Simonideum
1535 1256 1752 1307 quoddam
1765 1255 2017 1299 laudaverit.

435 1326 495 1364 Ea
524 1324 577 1363 de
605 1335 734 1364 causa
765 1334 938 1362 necesse
964 1325 1051 1372 est,
1084 1325 1132 1362 ut
1159 1322 1481 1373 epigrammatis
1510 1324 1815 1373 argumentum
1841 1332 2021 1374 ωςιιοι·

380 1402 540 1429 camuS.
593 1389 717 1435 Quod
760 1388 1001 1439 recuperari
1044 1399 1171 1439 posse
1213 1390 1330 1438 puto.
1383 1387 1700 1438 Reputantibus
1738 1387 1855 1427 enim
1895 1385 2022 1429 nobis

383 1456 592 1506 Sogenem
621 1455 757 1493 fuisse
783 1454 1030 1505 Aeginetam
1059 1465 1244 1503 eumque
1272 1453 1401 1493 nobili
1429 1453 1520 1493 loco
1547 1455 1711 1503 ortum,
1741 1463 1842 1493 eum
1866 1451 2023 1494 vicisse

380 1521 431 1559 iis
456 1520 720 1570 temporibus
747 1520 813 1570 (ut
838 1519 1007 1558 videtur
1031 1530 1069 1558 a.
1088 1518 1185 1568 467)
1201 1517 1272 1568 9⁷),
1295 1518 1454 1568 quibus
1474 1518 1647 1558 floreret
1664 1517 1905 1569 Aeginetica
1921 1528 2018 1569 ars,

382 1586 613 1625 Pindarum
644 1586 687 1625 in
716 1585 891 1624 exordio
919 1584 1122 1624 carminis
1150 1584 1269 1624 Nem.
1288 1584 1386 1639 Vstn
1407 1583 1614 1635 Pytheam
1634 1583 1866 1635 Lamponia
1883 1582 2021 1624 filium

382 1650 655 1702 Aeyinetam
692 1663 716 1690 e
747 1653 873 1702 gente
902 1650 1030 1690 nobili
1061 1650 1414 1700 Psalycbidarum
1443 1649 1681 1700 conscripti·
1699 1659 1748 1689 se
1773 1658 2024 1700 comprare

380 1729 476 1756 cum
507 1717 733 1766 statuari0‚
767 1716 841 1766 qui
870 1717 1000 1755 huius
1030 1715 1152 1766 pueri
1181 1715 1459 1755 simulacrum
1487 1714 1721 1755 elaboravit
1749 1713 1823 1766 (ct.
1850 1713 2017 1754 Wilam.

380 1783 504 1822 GGA.
539 1782 642 1822 1898
671 1794 712 1832 p.
748 1780 866 1832 179),
899 1782 1011 1821 hanc
1038 1781 1327 1820 coniecturam
1355 1780 1583 1831 periclitari
1610 1780 1706 1820 licet
1730 1779 2017 1831 epigramma,

381 1860 466 1897 quo
496 1859 603 1887 usus
631 1849 743 1887 esset
772 1847 1089 1896 Aristodemus,
1122 1846 1378 1896 inscriptum
1405 1846 1542 1885 ruisse
1567 1846 1775 1895 statuae,
1805 1855 1938 1896 quam
1963 1843 2021 1885 ad

384 1913 564 1963 Sogenis
614 1913 814 1952 victoriae
862 1912 1109 1952 memoriam
1150 1911 1489 1951 conservandam
1532 1911 1786 1951 statuissent
1824 1909 2017 1962 gmfflee.

381 1979 480 2018 Tale
507 1978 770 2029 epigramma
802 1977 1010 2017 Simonidi
1038 1976 1195 2017 ascribi
1224 1977 1415 2027 potuisse
1443 1976 1672 2016 verisimile
1698 1975 1887 2025 videtum
1918 1986 2021 2016 nam

348 2094 355 2099 ·
381 2042 642 2084 Simonidis
679 2044 850 2083 nomine
884 2043 1144 2083 instructum
1181 2044 1360 2082 aetatem
1397 2042 1494 2082 tulit
1521 2042 1649 2081 Anth.
1681 2041 1803 2082 Plan.
1834 2037 1893 2081 1¹².
1925 2040 1963 2082 1.
1993 2039 2021 2081 8

380 2127 432 2142 =
469 2121 565 2160 app.
600 2110 719 2149 Plan.
752 2109 776 2148 2
814 2108 1078 2159 epigramma
1110 2107 1225 2158 (149)
1266 2109 1433 2147 statuae
1460 2106 1716 2159 Theogneti,
1756 2106 1833 2157 qui
1858 2107 1902 2147 st
1926 2105 2023 2158 ipse

382 2173 628 2226 Aeyineta,
674 2186 698 2214 e
739 2176 864 2225 gente
907 2173 1234 2225 Midylidarum,
1282 2173 1326 2212 in
1369 2184 1603 2223 puerorum
1644 2173 1759 2212 lucta
1797 2170 2039 2227 Olympiae

382 2240 533 2279 vicisse
575 2240 743 2279 videtur
784 2240 849 2280 01.
893 2239 944 2279 76
984 2256 1038 2272 --
1078 2251 1117 2278 a.
1158 2239 1237 2278 476
1282 2238 1354 2289 (cf.
1394 2238 1579 2288 Robert,
1625 2238 1773 2278 Herm.
1809 2236 1877 2278 86.
1916 2235 2021 2278 lfflN)

381 2318 421 2355 p.
439 2306 513 2344 165
529 2304 632 2355 sq.).
663 2305 794 2344 Valde
809 2305 940 2356 igitur
954 2307 1020 2344 est
1035 2304 1264 2344 verisimile
1278 2306 1513 2354 utrumque
1523 2303 1788 2354 epigramma
1802 2304 2021 2354 receptum

381 2371 514 2409 fuisse
542 2371 583 2409 in
615 2369 833 2421 Sylloyen
862 2368 1207 2419 Simonideam,
1248 2381 1301 2408 ex
1328 2380 1414 2419 qua
1443 2369 1523 2409 hoc
1550 2380 1627 2420 per
1655 2368 1869 2409 Coronam
1894 2366 2021 2408 Hele-

381 2447 552 2486 agream
582 2436 624 2474 in
654 2436 781 2475 Anth.
816 2435 1078 2475 Planudeam
1107 2435 1322 2484 fluxisset,
1355 2434 1461 2474 illud
1488 2434 1668 2485 petitum
1690 2435 1805 2474 esset
1826 2432 1884 2474 ab
1902 2432 2020 2475 Aris-

382 2502 560 2540 todemo.
595 2502 706 2540 Eum
739 2489 911 2552 Sy'vnoge
937 2513 1067 2540 usum
1095 2512 1191 2540 esse
1218 2501 1303 2540 iam
1331 2512 1407 2551 per
1435 2511 1483 2539 se
1510 2499 1730 2550 probabile
1756 2498 1940 2540 vidum·-

436 2566 640 2605 Collector
668 2569 901 2615 utrumque
928 2578 993 2616 ep.
1016 2577 1068 2605 ex
1096 2566 1244 2605 eodem
1273 2565 1339 2604 vel
1368 2565 1576 2604 consimili
1604 2564 1723 2604 fonte
1742 2562 2021 2604 arcessivit-e

425 2701 471 2736 Μ)
517 2702 631 2735 Schol.
657 2702 767 2744 Apoll.
794 2703 833 2735 ll.
857 2701 924 2735 904
946 2699 985 2734 ἐν
1006 2699 1140 2743 πρώτῳ
1164 2699 1416 2743 Θηβαῖκῶν
1443 2698 1803 2743 ἐπιγραμμάτων
1822 2699 2019 2742 (Seiam

384 2758 501 2792 1’W.-
514 2759 579 2791 RE.
613 2759 653 2791 11.
684 2759 750 2791 9⁸25
779 2757 817 2790 ἑν
843 2770 903 2801 πρ.
931 2761 1041 2796 stein>
1071 2756 1113 2791 Θ.
1136 2755 1458 2802 ἐπιγραφομένων).
1496 2757 1730 2792 Wilamowitz
1753 2756 1854 2790 Hom.
1877 2754 2020 2791 Um

383 2827 413 2857 μ.
437 2815 504 2847 360
531 2817 599 2848 iam
624 2817 927 2850 demonstraverat
950 2821 1130 2849 auctorem
1155 2815 1409 2849 Commentarii
1435 2815 1608 2848 Pindarici
1632 2814 1787 2847 eundem
1809 2822 1887 2847 esse
1907 2815 2019 2856 atque

382 2873 662 2914 Aristodemum,
697 2874 759 2916 qui
794 2874 837 2906 de
873 2875 978 2907 rebus
1010 2873 1195 2909 Thebaicis
1229 2873 1432 2915 scripsisset.
1468 2870 1533 2904 Cui
1568 2870 1723 2914 opinioni
1758 2878 1854 2903 nnnc
1888 2868 2020 2915 maga&

382 2930 523 2961 additur
554 2931 620 2971 vis,
652 2941 734 2963 cuni
766 2931 958 2963 viderimus
989 2930 1110 2963 itidem
1143 2931 1180 2963 in
1212 2930 1299 2962 libro
1322 2929 1366 2962 de
1389 2928 1540 2961 Pindaro
1561 2927 1608 2961 ab
1630 2926 1852 2959 Aristodemo
1873 2934 1916 2958 ex
1939 2923 2018 2966 epi-

381 2991 587 3023 qrammaee
610 2991 861 3028 argumentum
888 2988 1038 3029 petitum
1063 2996 1151 3019 esse.

425 3041 472 3081 ffi)
520 3043 566 3075 ne
592 3043 655 3075 hoc
678 3053 772 3075 anno
798 3044 863 3076 vid.
886 3043 1006 3076 Christ
1030 3043 1129 3076 l‘ind.
1155 3053 1185 3085 p.
1210 3041 1287 3076 284.
1323 3042 1510 3074 Praeterea
1531 3040 1576 3073 ct’.
1600 3037 1794 3072 Hermanni
1816 3035 2018 3071 dissertatio

383 3096 435 3128 ‘ule
459 3098 605 3138 gogonis
628 3099 819 3139 Aeginetae
846 3100 988 3132 victoria
1012 3098 1244 3141 quiuquertii'
1267 3097 1394 3140 Opusc.
1418 3096 1477 3129 lli.
1499 3095 1545 3129 22
1567 3106 1644 3139 sqq.
