2072 3568
343 262 443 313 Cap.
478 255 568 311 ΙΙΙ,
600 261 674 311 25,
707 259 771 300 26.
1125 257 1199 299 196

675 392 739 431 25.
800 398 963 430 coner.
998 398 1081 430 vu.
1116 397 1642 431 Ponpnrnoonnnnws,

397 516 423 567 ‚Q
458 517 544 556 114.
609 515 675 556 De
713 514 907 556 testibus
944 513 1139 555 diversis
1176 512 1534 566 epiyrammatis
1572 512 1662 554 185
1688 512 1729 555 b.
1789 513 1981 567 Porphy-

342 584 601 633 rogennetus
642 581 696 620 de
732 581 844 620 adm.
885 580 984 630 imp.
1025 592 1064 630 p.
1104 579 1156 619 99
1196 579 1355 630 (Bonn.
1396 579 1478 619 vol.
1518 579 1605 629 111)
1642 580 1817 620 enarrat
1852 589 1981 620 ossus

342 647 503 686 Colossi
535 646 686 686 Rhodii
715 647 1103 695 commemoratque
1130 645 1501 696 epigrammatium
1533 644 1659 694 (Sim.
1680 643 1834 695 1851)),
1863 643 1981 695 quod

342 713 552 762 integrum
593 712 801 750 habemus
838 710 952 761 apud
994 710 1248 750 Strabonem
1287 710 1394 749 XIV.
1433 710 1472 749 2.
1511 710 1536 749 5
1573 721 1613 760 p.
1646 708 1748 759 652,
1788 709 1832 750 in
1860 710 1979 751 textu

340 777 510 816 duobus
538 777 641 815 loeis
669 779 871 827 corrupto
902 774 1090 826 (ὀκτάκις
1118 787 1197 825 pro
1225 773 1416 824 ἑπτάκις,
1448 774 1501 814 cl.
1528 775 1635 814 Plin.
1661 774 1717 815 H.
1742 775 1792 816 N.
1816 774 1883 815 34.
1908 774 1980 816 182

344 841 658 894 ‘septuaqinta
699 842 940 881 cubitorum
983 841 1219 880 altitudinis
1262 839 1373 890 fuit',
1418 843 1459 880 et
1501 839 1652 893 Λάχης
1689 852 1768 891 pro
1801 840 1981 882 artificis

341 909 510 947 nomine
541 905 724 959 Χάρης).
759 907 876 946 Idem
906 909 1047 946 autem
1077 909 1307 957 corruptus
1336 908 1478 945 textus
1507 906 1615 945 redit
1641 905 1685 945 in
1714 905 1976 947 summan.

342 975 428 1013 1V1¹.
457 975 494 1013 6.
523 975 546 1013 4
579 973 694 1024 (app.
726 973 844 1012 Plan.
873 972 943 1022 82)
975 970 1155 1011 adiecto
1186 970 1448 1011 Simonidis
1475 969 1676 1011 nomine.
1706 970 1980 1022 Quamquam

341 1038 734 1090 Porphyrogenneti
774 1039 932 1077 fontem
971 1037 1160 1076 indicare
1197 1048 1282 1076 non
1322 1048 1523 1087 possum,
1564 1037 1644 1076 hoc
1676 1036 1781 1077 mihi
1813 1037 1981 1078 ouum

343 1105 629 1144 Simonideam
672 1104 963 1143 auctoritatem
1010 1102 1158 1141 infima
1199 1102 1371 1141 demum
1409 1103 1546 1142 aetate
1582 1101 1827 1142 accessisse.
1870 1101 1979 1145 Nam

339 1173 413 1209 aut
441 1182 506 1220 ep.
535 1170 576 1208 in
609 1169 706 1209 Cor.
735 1169 969 1219 Meleagrea
995 1167 1175 1206 affuisse
1197 1167 1459 1207 censendum
1483 1169 1549 1207 est
1571 1169 1701 1218 atque
1721 1178 1775 1207 ex
1797 1177 1847 1208 os
1869 1168 1914 1208 et
1933 1166 1979 1208 in

341 1235 496 1285 Porph.
529 1237 570 1273 et
604 1235 647 1273 in
686 1234 804 1273 Plan.
838 1236 1121 1284 propagatum
1150 1244 1266 1282 esse,
1305 1235 1379 1272 aut
1410 1232 1624 1272 planudes
1651 1243 1718 1283 op.
1744 1232 1902 1273 hausto
1920 1242 1980 1273 *ox

340 1301 495 1351 Porph.
534 1311 679 1340 errore
717 1299 813 1349 tali,
854 1299 1023 1349 qualem
1062 1298 1272 1338 commisit
1309 1310 1391 1348 e.g.
1432 1298 1474 1337 in
1513 1310 1579 1348 ep.
1618 1299 1861 1349 Antagom
1890 1297 1975 1339 ΔΡ.

341 1367 412 1405 ΙΧ.
449 1366 523 1405 147
565 1365 611 1417 (ξ
646 1365 720 1405 105
756 1365 841 1404 tab.
877 1377 918 1404 n.
951 1365 1043 1415 49),
1089 1364 1376 1403 Simonidoam
1405 1363 1699 1404 auctoritatem
1727 1363 1981 1415 ascripsisse

339 1432 520 1471 videtur.
568 1432 681 1470 Alter
719 1431 901 1480 scriptor
941 1430 1229 1480 Byzantinus,
1271 1430 1345 1479 qui
1383 1430 1509 1469 etiam
1548 1429 1591 1468 in
1629 1430 1832 1480 corrupto
1858 1428 1978 1469 textu

338 1499 467 1546 atque
495 1508 757 1546 anonymum
781 1508 845 1546 ep.
870 1495 1065 1545 praebet,
1095 1495 1314 1535 Cedrenus
1337 1494 1494 1545 (Bonn.
1515 1494 1535 1533 1
1557 1506 1597 1545 p.
1618 1494 1716 1544 755,
1736 1493 1791 1534 ef.
1810 1491 1840 1547 ἕ
1857 1491 1975 1544 119),

338 1562 391 1600 ad
422 1562 876 1612 Porphyrogennetum
909 1561 1077 1600 videtur
1106 1572 1336 1600 recurrere.
1370 1560 1523 1610 Itaque
1549 1560 1660 1599 inter
1685 1560 1850 1599 textum
1876 1569 1979 1599 suo—

340 1639 515 1677 nymum
558 1627 890 1666 Strabonianum
926 1629 967 1665 et
995 1629 1158 1665 textum
1187 1626 1242 1665 ab
1269 1637 1319 1665 eo
1346 1625 1566 1664 diversum
1596 1623 1864 1664 Phnudeum
1891 1634 1978 1665 uon

338 1695 452 1731 extat
489 1692 679 1732 condicio
707 1693 740 1730 A
771 1706 809 1726 ω
843 1691 895 1741 S,
937 1703 1066 1741 quarn
1097 1691 1140 1730 in
1170 1690 1300 1730 huius
1328 1690 1650 1741 epigrammatis
1675 1688 1979 1730 traditionibus

340 1769 423 1796 non
453 1757 644 1797 obtinere
671 1757 754 1796 iam
784 1759 926 1796 monet
955 1757 1047 1795 eius
1076 1758 1393 1807 argumentum.

980 1893 1045 1932 26.
1106 1901 1160 1932 'rz
1167 1900 1323 1932 s'rzns.

395 2017 420 2070 ,ξ
453 2019 541 2058 115.
603 2017 671 2058 De
707 2016 1062 2070 epiyrammatis
1098 2015 1231 2069 apud
1271 2013 1472 2056 Tzetzam
1508 2014 1978 2057 obvii3.1,eotoribus

338 2087 508 2136 gratum
556 2096 622 2123 me
668 2084 882 2123 facturum
929 2094 1055 2133 spero
1095 2082 1271 2122 Tzetzae
1316 2082 1538 2121 historiam
1582 2079 1679 2133 περὶ
1719 2082 1806 2122 τῶν
1843 2081 1979 2123 νικῶν.

338 2148 585 2202 Σιίμωιιδου
615 2150 738 2200 (Chil.
768 2150 802 2188 Ι.
830 2150 894 2188 24.
924 2149 1055 2188 619-
1015 2148 1153 2198 -639)
1183 2151 1314 2188 totam
1342 2148 1666 2188 describentem.
1700 2146 1860 2187 scholii
1885 2146 1979 2187 vioe

337 2216 533 2266 fungitur
567 2216 619 2254 ad
655 2215 856 2265 epistolae
891 2214 1015 2265 (Chil.
1049 2214 1119 2253 IV.
1151 2214 1231 2253 468
1259 2212 1375 2264 sqq.)
1410 2213 1464 2252 ad
1490 2213 1705 2252 Joannem
1732 2212 1976 2254 Lachmann

337 2282 660 2331 grammaticum
681 2281 806 2320 datae
825 2291 998 2319 versum
1019 2279 1172 2318 48711112:
1194 2277 1219 2318 ὁ
1238 2276 1485 2330 Σιμωνίδης
1502 2277 1636 2322 νίκαις
1654 2276 1702 2318 δὲ
1718 2275 1977 2331 πεντήκοντα

337 2345 407 2385 καὶ
435 2345 554 2385 πέντε
582 2357 640 2385 so.
675 2343 879 2397 ἡβρύνετο
907 2344 972 2383 vel
1002 2342 1188 2395 ἕγαυρία.

444 2409 496 2462 ἦν
524 2409 771 2463 Σιμωνίδης
798 2408 965 2462 Σάμιος
994 2408 1084 2453 υἱὸς
1112 2408 1137 2448 ὁ
1165 2411 1238 2448 τοῦ
1261 2406 1488 2460 Ἀμόργου.

338 2477 416 2516 620
444 2473 567 2520 οὗτος
596 2474 635 2515 δ’
660 2475 684 2515 ὁ
714 2474 1035 2527 Λεωπρέπεως,
1065 2472 1089 2514 ὁ
1119 2471 1244 2517 Κεῖος
1271 2472 1540 2525 Σιμωνίδης,

410 2542 413 2546 ’
446 2539 496 2592 ἦν
524 2541 674 2593 πένης,
704 2539 791 2581 ἀλλ’
816 2540 1080 2594 εὗχάριστος,
1109 2538 1173 2579 ἀεὶ
1200 2541 1332 2579 νικῶν
1357 2538 1543 2591 ποιήσει,

445 2605 590 2657 ὥσπερ
622 2604 787 2649 Κοννᾶς
816 2606 885 2656 (ef.
909 2607 980 2645 Ar.
1006 2606 1084 2655 Eq.
1107 2604 1203 2655 534)
1232 2603 1258 2644 ὁ
1285 2602 1468 2656 αὐλητὴς
1495 2602 1520 2643 ὁ
1548 2600 1863 2655 ὄλυμπιονίκης.

439 2669 742 2723 ’.·1ριστοῳάι·ης
772 2671 885 2722 (Pae.
910 2671 988 2711 698
1018 2670 1103 2721 sq.)
1133 2668 1345 2721 κωμῳδεῖ
1366 2668 1513 2709 ,πενίαν
1539 2666 1807 2720 Σιμωνίδου·

445 2734 469 2774 ὁ
505 2735 544 2775 δ’
571 2735 822 2787 Ἀριστείδης
851 2735 1017 2787 (Schol.
1045 2736 1116 2775 Ar.
1144 2735 1219 2774 201
1252 2736 1340 2785 Fr„
1373 2734 1450 2775 533
1481 2732 1551 2784 D.)
1581 2732 1791 2786 γέγραφεν
1817 2729 1977 2784 ἀνδρὸς

1702 2794 1974 2850 εὐχαριστίαν.

338 2868 416 2906 625
443 2865 586 2907 πλέων
613 2866 718 2919 φησὶ
746 2865 827 2919 γὰρ
855 2865 880 2906 ὁ
909 2865 1017 2918 ἀνὴρ
1045 2865 1210 2918 ἄταφον
1237 2862 1335 2917 εὗρε
1362 2864 1505 2910 νέκυν,

445 2931 574 2983 ὅνπερ
602 2931 777 2984 τιμήσας
804 2931 980 2984 ἔθαψεν.
1027 2930 1134 2983 ὄναρ
1162 2929 1310 2982 φανεὶς
1337 2928 1377 2969 δ’
1402 2928 1427 2969 ὁ
1454 2929 1579 2973 νέκυς

444 2996 570 3047 λέγει,
598 2995 658 3049 μὴ
688 2995 891 3049 πλεύσῃς,
919 2996 1137 3048 ἄνθρωπε.
1178 2997 1345 3036 ναυτῶν
1373 2994 1419 3035 δὲ
1445 2994 1507 3047 μὴ
1536 2993 1813 3038 πεισθέντων,

444 3060 577 3111 μόνος
604 3060 629 3100 ὁ
657 3059 903 3113 Σιμωνίδης
929 3061 1008 3112 μὲν
1036 3059 1261 3112 συμπλέειν
1287 3058 1536 3112 ἀπελείφθη.

445 3125 485 3165 οῖ
514 3124 559 3165 δὲ
586 3125 736 3170 πάντες
763 3125 985 3167 ἀπώλοντο
1013 3125 1205 3179 τυχόντες
1231 3124 1444 3179 ναυαγίας.
