2072 3568
902 215 977 255 149
1525 214 1550 266 g
1581 215 1752 255 88-90.

81 341 245 385 {aevioit
269 342 325 381 O.
344 341 622 391 Radinger
647 341 794 378 Philol.
825 340 888 379 54.
921 340 1023 379 1895
1048 352 1088 389 p.
1119 340 1196 378 297
1223 352 1315 389 sqq.
1345 342 1491 379 contra
1517 341 1757 390 opinionem

83 406 342 458 *vulgarem
373 407 488 457 (eum
518 407 711 444 secutum
739 417 834 443 esse
861 405 1053 459 ordinem
1083 403 1419 455 elementarem);
1451 417 1561 454 quae
1586 406 1756 454 quidem

122 474 219 524 post
257 472 544 522 Radingerum
584 470 753 520 vigebat
790 470 833 508 in
867 470 1158 509 Stadtmiilleri
1186 470 1388 519 editione,
1431 471 1475 508 in
1506 471 1752 509 PW.-RE.

83 537 86 538 ⁷
122 536 158 578 Ι.
189 536 316 586 2381,
357 537 472 586 apud
511 536 816 574 Krumbacher.
865 536 966 584 Byz,
1001 534 1068 573 L.²
1100 535 1201 574 1897
1237 547 1277 584 p.
1313 535 1410 584 726,
1452 536 1565 584 apud
1597 535 1752 575 Christ.

122 602 195 643 Gr.
227 601 298 641 L.³
333 601 435 641 1898
470 613 510 651 p.
544 601 620 640 621
657 613 698 639 n.
734 600 754 638 1
785 599 871 650 114).

175 668 386 717 Meleagro
413 667 544 716 igitur
572 665 804 704 necessitas
832 665 991 703 oboriri
1021 666 1178 715 potuit,
1221 667 1267 703 ut
1296 665 1467 714 aliquod
1496 666 1757 715 epigramma

9 785 10 788 J
122 733 191 772 hic
215 734 387 782 propter
406 733 620 770 auctorem
642 731 724 769 illic
745 719 917 779 propter
937 732 1240 779 argumentum
1262 731 1546 780 recipiendum
1569 731 1753 769 duceret.

48 786 196 860 sffSic
221 809 286 847 ep.
315 797 582 846 Callimachi,
610 796 680 834 VI.
709 796 784 835 146
808 796 852 835 in
877 796 986 834 serie
1009 796 1289 835 Callimachea
1314 796 1521 845 positum,
1555 796 1758 845 repetitur

123 864 218 915 post
250 863 321 902 VI.
360 863 436 902 274
478 860 670 913 (Persae)
710 861 754 899 in
794 861 902 899 serie
930 861 1285 910 epigrammatum
1314 861 1357 899 in
1388 861 1585 899 mulieres
1614 862 1757 910 partu-

124 929 278 968 rientes
321 930 394 967 aut
437 927 682 977 nuperrime
723 927 884 964 enixas.
932 927 1037 964 Fere
1065 926 1242 964 eandem
1270 926 1497 964 ordinandi
1526 926 1753 975 rationem,

122 1005 208 1044 qua
249 994 457 1043 Meleager
500 1003 606 1030 usus
647 994 764 1041 erat,
812 991 1020 1040 Cephalas
1063 991 1256 1029 adhibuit
1301 990 1371 1041 (cf.
1418 991 1515 1029 libri
1558 991 1638 1029 ΑΡ.
1678 991 1758 1029 VII

122 1059 437 1110 compositionis
466 1060 719 1107 conspectus
748 1057 862 1106 apud
895 1056 1075 1095 Stadtm.
1108 1055 1154 1094 II
1183 1068 1223 1109 p..
1258 1057 1453 1094 LXXXII
1484 1067 1600 1105 sqq.;
1642 1057 1758 1105 prior

123 1135 224 1175 pars
259 1124 485 1173 praecipue
520 1122 706 1161 continet
744 1121 875 1160 series
913 1121 1266 1170 epigrammatum
1304 1123 1477 1170 propter
1506 1127 1758 1171 argumenta

122 1188 400 1238 compositas,
441 1188 595 1237 altera,
627 1187 726 1225 inde
753 1186 807 1225 ab
835 1198 900 1235 ep.
930 1186 1030 1235 364,
1063 1186 1301 1235 fragmenta
1332 1185 1633 1236 syllogarum);
1674 1198 1758 1235 qua

123 1265 171 1294 re
188 1264 513 1303 nonnumquam
532 1252 742 1291 incertum
762 1252 844 1300 est,
870 1252 1015 1289 utrum
1037 1251 1236 1300 repetitio.
1248 1251 1459 1300 Meleagro
1480 1263 1533 1290 an
1552 1251 1760 1301 cephalae

122 1319 338 1359 debeatur.
395 1318 662 1368 Cephalanac
690 1318 831 1356 autem
860 1316 1094 1355 iterationis
1123 1318 1286 1355 certum
1315 1317 1555 1366 exemplum
1585 1317 1758 1366 praebet

122 1396 188 1436 ep.
224 1385 402 1434 Zonae,'
429 1384 544 1433 quod
582 1383 626 1421 in
663 1382 813 1421 ordine
850 1381 1113 1431 alphabetico
1152 1382 1369 1431 Philippeo
1407 1381 1472 1420 bis
1510 1382 1580 1419 VI.
1616 1381 1691 1420 106
1719 1384 1759 1420 et

63 1455 90 1500 ᾗ
124 1449 194 1489 VI.
226 1448 324 1491 255*
352 1461 497 1488 errore
525 1448 680 1497 recepit
710 1447 931 1496 Cephalas.

178 1515 448 1565 Subiungam
486 1514 793 1564 epigrammata
826 1512 1090 1561 Simonidea‚
1132 1523 1242 1560 quae
1270 1512 1415 1550 eodem
1445 1511 1567 1550 titulo
1596 1512 1759 1549 munita

61 1577 169 1634 ᾖξ’ἰιι
206 1581 288 1620 ΑΡ.
321 1581 550 1620 iterantur:

69 1643 118 1688 '.
178 1646 214 1686 1.
274 1647 352 1696 Ep.
391 1646 467 1686 109
504 1645 659 1695 legitur
697 1643 747 1683 in
785 1644 994 1683 contemtu
1032 1655 1128 1682 cum
1162 1643 1256 1681 VII.
1285 1642 1363 1681 270
1392 1643 1482 1680 tum
1512 1642 1605 1680 VII.
1635 1640 1755 1690 650*,

124 1713 306 1762 utroque
347 1712 438 1751 loco
483 1710 690 1750 Simonidi
735 1708 804 1760 (O)
839 1708 1115 1748 attributum.
1163 1708 1320 1746 Accidit
1359 1709 1499 1746 autem
1540 1707 1665 1756 mire,
1712 1709 1760 1745 ut

124 1777 255 1817 altero
291 1777 382 1816 loco
417 1777 527 1816 alius
562 1775 816 1826 praebeatur
845 1775 1000 1813 textus.
1049 1774 1108 1812 De
1137 1775 1328 1812 textuum
1361 1773 1523 1811 ratione
1551 1772 1759 1810 disseram

60 1834 97 1896 ἶ,
119 1840 153 1895 ἕ
185 1842 318 1893 140‚6.

177 1908 215 1948 2.
275 1909 326 1947 In
365 1919 498 1958 marg.
537 1918 633 1956 sup.
674 1907 767 1962 eod.
804 1917 900 1955 pag.
940 1904 1017 1943 219
1057 1904 1215 1953 scripta
1250 1905 1314 1941 est
1342 1903 1559 1941 annotatio
1589 1903 1759 1942 Correo-

124 1973 228 2013 toris
259 1972 405 2024 (quam
435 1972 607 2011 exhibui
639 1970 664 2022 ξ
695 1969 764 2021 58)
795 1982 847 2008 ex
867 1969 1083 2008 Michaelis
1104 1968 1360 2008 Chartularii
1381 1967 1610 2016 exemplari
1632 1967 1759 2016 petita

63 2033 97 2066 ἶ
127 2036 198 2090 (cf.
241 2036 267 2090 ξ
310 2037 404 2088 93),
449 2039 493 2076 in
536 2049 621 2087 qua
662 2037 865 2086 leguntur
902 2047 996 2084 epp.
1041 2034 1116 2073 128
1154 2035 1194 2072 et
1234 2033 1330 2082 129,
1377 2044 1561 2082 quorum
1601 2033 1679 2070 hoc
1716 2032 1760 2069 in

124 2103 269 2144 eadem
298 2103 388 2143 cod.
422 2114 518 2153 pag.
546 2102 640 2140 VII.
675 2101 724 2140 77
753 2100 807 2139 ab
836 2100 869 2138 A
897 2101 1119 2138 exaratum
1148 2101 1233 2148 est,
1275 2098 1378 2136 illud
1408 2098 1462 2136 ab
1491 2098 1523 2135 A
1554 2098 1759 2146 scriptum

8 2223 10 2225 q
125 2169 189 2208 est
224 2169 318 2207 VII.
361 2167 451 2207 516.
499 2167 737 2215 Utrumque
772 2177 837 2214 ep.
876 2154 1062 2213 utroque*
1096 2164 1186 2202 loco
1227 2163 1517 2201 Simonideum
1556 2164 1631 2200 est.
1682 2163 1761 2200 Hic

116 2229 279 2274 *unicus
301 2235 366 2273 est
388 2233 526 2282 locus,
554 2231 628 2270 ubi
651 2243 716 2280 ep.
745 2230 820 2269 128
845 2241 941 2268 cum
965 2241 1030 2279 cp.
1059 2228 1133 2267 129
1158 2230 1248 2267 arte
1273 2228 1559 2277 coniungitur,
1589 2240 1613 2266 a
1638 2227 1760 2266 cuius

83 2297 350 2353 ''j-traditione
377 2309 544 2348 semper
572 2308 637 2346 ep.
669 2295 744 2335 128
773 2295 958 2334 alienum
986 2294 1120 2332 fuisse
1150 2294 1335 2332 vidimus
1365 2293 1423 2331 l.l.

182 2362 208 2415 ἕ
237 2364 302 2404 90.
362 2362 430 2403 De
449 2375 515 2414 ep.
531 2362 574 2402 V.
596 2361 689 2402 160
704 2359 880 2412 Hedyli
893 2373 927 2400 3.
944 2357 1237 2410 Asclepiadis
1257 2375 1306 2390 =
1327 2357 1405 2397 XI.
1424 2357 1473 2397 9*
1485 2355 1756 2397 Simonidis.

127 2428 400 2480 Epigramma
443 2429 490 2467 V.
536 2428 611 2467 160
653 2427 775 2466 titulo
817 2426 947 2465 dubio
983 2422 1169 2464 ἿΙόύλου
1211 2423 1252 2463 οἱ
1294 2421 1339 2463 δὲ
1376 2420 1685 2474 Ἀσκληπιάδου
1729 2423 1760 2459 Α

82 2487 90 2522 ³?
117 2493 279 2547 „legitur
315 2494 358 2532 in
397 2494 636 2543 fragmento
674 2492 909 2541 Meleagreo
948 2490 1130 2540 maiore,
1178 2489 1292 2539 quod
1332 2488 1559 2528 maximam
1598 2489 1760 2537 partem

83 2556 311 2615 ‘joontinet
356 2559 662 2609 epigrammata
706 2556 912 2596 amatoria
954 2567 1006 2595 ex
1050 2554 1306 2604 Asclepiadis
1349 2553 1503 2604 Hedyli
1547 2552 1760 2601 Posidippi

77 2740 113 2761 ²⁶
141 2758 145 2770 1
173 2745 235 2787 11⁴)
279 2747 418 2780 Sufficit
447 2748 489 2780 aul
523 2746 742 2788 Πιιιίὶιιυενὶ,
779 2747 840 2788 qni
872 2745 991 2778 omnia
1022 2744 1215 2786 expedivit,
1249 2744 1583 2776 commentationem
1617 2744 1763 2774 lectores

129 2804 312 2846 relegasse.
350 2803 433 2836 Eius
461 2803 661 2845 opinionem
686 2802 909 2835 cunin-mavit
933 2801 1184 2841 *Weisstn'iupc
1209 2800 1242 2832 in
1268 2799 1584 2839 comnmntntinnc,
1616 2809 1686 2839 qna
1713 2798 1762 2829 nli

131 2858 217 2893 mihi
247 2869 315 2892 non
349 2860 467 2901 licuit,
498 2860 620 2892 Sertac
654 2859 877 2891 Hartcliunae
905 2857 994 2890 1896
1019 2868 1047 2899 p.
1074 2856 1138 2888 184
1161 2867 1237 2898 sqq.
1263 2856 1411 2888 inserta:
1443 2853 1494 2886 ιἰιι
1521 2855 1587 2886 «ivn
1613 2854 1761 2892 inllcn

129 2914 191 2948 der
222 2915 433 2958 Anthologia
465 2916 633 2948 Palatina'
665 2915 725 2956 (cf.
758 2915 853 2947 linis.
877 2914 930 2947 Μ).
955 2913 1030 2946 104.
1055 2912 1143 2945 1900
1169 2923 1198 2953 p.
1223 2911 1313 2951 186).
1353 2912 1440 2943 Fieri
1467 2922 1533 2943 non
1560 2914 1691 2952 poti-st,
1725 2913 1763 2942 ut

130 2970 408 3005 Siinonideornm
441 2973 738 3014 epigrammatum
771 2971 943 3003 transitus
973 2980 1013 3002 cx
1047 2970 1189 3011 Sylloge
1221 2968 1421 3000 Simonidea‚
1446 2977 1505 3008 pci-
1529 2967 1761 3006 Meleagream

130 3025 301 3061 Coronam
332 3029 366 3061 in
401 3028 630 3071 Antliologias
660 3028 900 3070 Geplmlanam
932 3030 1040 3068 atquc
1076 3025 1270 3057 Palatinam
1304 3024 1499 3065 explicetur
1530 3022 1663 3062 vulgari
1689 3022 1761 3062 opi-

83 3094 107 3119 ζ’
131 3082 234 3117 niune
257 3087 405 3118 servata.
