2072 3568
894 186 945 234 47
1505 191 1531 247 ς
1562 194 1636 247 24,
1669 191 1734 237 25.

2 318 237 373 --potest
264 329 317 359 ex
344 315 466 359 aliis.
493 315 617 364 Quod
647 328 743 358 cum
772 318 958 359 conabor
986 319 1145 370 facere,
1189 317 1316 359 simul
1345 323 1544 361 nascetur
1573 322 1737 361 occasio

7 383 51 444 ⁵ss
99 385 268 428 termini
305 385 528 425 cuiusdam
565 385 803 435 indicandi,
838 386 951 435 post
988 397 1115 434 quem
1156 385 1338 436 Sylloge·
1363 388 1456 425 orta
1487 388 1540 425 sit
1571 386 1616 438 (ξ
1648 387 1733 438 35)..

100 451 370 500 Quamquam
412 451 558 501 postea
603 448 650 500 (ξ
690 448 759 499 37)
804 450 1034 489 terminum
1072 451 1346 490 recentiorem
1384 453 1431 490 ut
1468 453 1738 491 inveniamus

97 527 270 567 operam
315 516 527 555 dabimus.
589 514 682 553 Erit
727 515 970 564 disquisitio
1017 517 1163 555 nostra
1207 516 1259 554 de
1301 516 1618 566 epigrammatis
1662 517 1737 556 137

98 581 350 622 testimoniis
378 592 613 630 eorumque
641 581 856 620 relatione.

29 675 45 689 ,-
139 644 181 699 ἓ
210 647 276 686 25.
339 644 620 686 Testimonia
647 644 1004 697 epiyrammatis
1032 646 1128 687 137.
1190 648 1447 687 Pindarus
1476 660 1572 686 cum
1603 649 1736 686 Xeno-

7 703 54 765 ’ᾗ
98 712 269 763 phontis
306 711 513 752 Corinthii
542 712 764 751 victoriam
792 711 1014 762 Olympiae
1042 713 1105 752 Ol.
1140 713 1190 752 69
1222 712 1278 764 (a.
1312 712 1407 763 504)
1439 715 1605 763 partam
1635 713 1735 752 cele-

20 804 45 827 .4
98 777 240 818 braret
277 778 465 817 carmine
501 777 724 828 Olympico
753 777 883 827 XIII,
927 778 1100 816 victoris
1129 779 1311 828 patriam
1339 790 1436 817 cum
1467 778 1559 817 aliis
1588 779 1736 818 extulit

97 843 297 883 laudibus
324 845 415 882 tum
444 843 561 882 hisce
591 841 650 893 (v.
683 842 735 882 30
764 840 902 893 sqq.):

41 914 44 917 ’
508 898 568 947 μἐν
598 905 644 946 δὲ
672 905 806 947 Μοῒσ’
833 905 1049 952 ἁδύπνοος

523 972 567 1012 ἕν
596 971 638 1012 δ’
662 971 819 1025 Ἄρης
847 971 973 1012 ἀνθεῖ
995 972 1105 1013 νέων

6 1083 10 1094 2
36 1079 39 1082 Α
630 1035 787 1081 οὐλίαις
815 1037 1027 1090 αἰχμαῖσιν
1055 1036 1238 1088 ἀνδρῶν.

6 1112 8 1122 ’
97 1103 160 1143 Ad
190 1103 345 1142 horum
374 1114 579 1143 versuum
608 1103 795 1142 medium
824 1103 982 1152 duplex
1010 1104 1126 1142 extat
1158 1102 1441 1153 Scholion,
1484 1104 1606 1142 cuius
1635 1116 1734 1153 pars

96 1167 213 1219 prior
248 1169 425 1208 uberius
461 1168 647 1208 continet
684 1168 908 1207 exordium
946 1168 1081 1218 partis
1111 1168 1309 1218 alterius,
1350 1180 1479 1217 quam
1508 1169 1575 1207 hic
1604 1169 1734 1207 habes

7 1239 68 1290 ἐς,
99 1231 285 1284 (Boeckh
323 1245 364 1283 p.
396 1233 497 1283 272,
540 1233 814 1273 Drachmann
852 1245 892 1283 p.
926 1233 1023 1282 364;
1067 1233 1189 1272 codd.
1231 1232 1436 1283 BOEQ.):
1481 1231 1551 1272 τὸν
1579 1232 1735 1285 ’Ἁρην

82 1296 224 1351 ,φησὶν
250 1297 295 1338 ἓν
322 1296 530 1350 Κορίνθῳ
556 1297 734 1350 λάμπειν
762 1297 906 1338 τείνων
935 1297 991 1342 εἷς
1019 1296 1067 1337 τὰ
1095 1297 1193 1350 περὶ
1220 1296 1430 1349 Περσίδα,
1469 1297 1512 1337 ἒν
1541 1296 1601 1341 οἷς
1629 1297 1734 1349 ὑπὲρ

38 1355 54 1373 ³
95 1364 167 1417 τῆς
191 1365 278 1403 τῶν
299 1361 513 1416 Ἑλλήνων
541 1363 750 1416 σωτηρίας
779 1362 1113 1416 ἠνδραγάθησαν
1142 1362 1182 1403 οἱ
1209 1361 1442 1415 Κορίνθιοι.
1492 1361 1733 1415 Θεόπομ-

40 1434 193 1479 ’.’”’πος
222 1429 293 1476 (fr.
328 1429 426 1479 170,
459 1429 589 1469 FHG.
623 1429 657 1468 Ι.
691 1427 787 1479 306)
821 1427 868 1468 δέ
901 1439 1005 1481 φησι
1039 1427 1110 1468 καὶ
1145 1426 1234 1472 τὰς
1269 1431 1532 1480 γυναῖκας
1560 1427 1734 1468 αὐτῶν

47 1483 360 1543 εὔξασθαι
401 1496 458 1547 τῇ
495 1492 783 1546 Ἀφροδίτῃ
822 1493 996 1545 ἔρωτα
1033 1492 1288 1545 ἐμπεσεῖν
1325 1495 1435 1537 τοῖς
1472 1492 1734 1545 ἀνδράσιν

47 1550 271 1608 ...ἐξαύτῶν
303 1557 577 1612 μάχεσθαι
605 1557 739 1610 ὑπὲρ
767 1562 858 1611 τῆς
881 1557 1135 1603 Ἑλλάδος
1163 1561 1273 1603 τοῖς
1302 1556 1538 1611 Μήδοις,
1573 1557 1732 1598 εἰσελ-

47 1621 304 1669 >vomas-
339 1623 413 1669 εἷς
449 1622 504 1664 τὸ
541 1622 690 1675 ἱερὸν
727 1627 814 1676 τῆς
845 1622 1188 1676 Ἀφροδίτης,
1233 1622 1364 1675 ὅπερ
1403 1622 1733 1674 ἱδρύσασθαι

43 1688 189 1743 ’ἴτ’ὴν
233 1687 482 1742 Μήδειαν
529 1687 782 1741 λέγουσιν
825 1687 999 1740 ’Ἠρας
1045 1687 1437 1741 προσταξάσης.
1493 1686 1630 1728 εἶναι
1679 1687 1733 1728 δὲ

94 1753 185 1795 καὶ
217 1757 312 1795 νῦν
346 1753 833 1807 ἀναγεγραμμένον
862 1753 1103 1806 ε’λεγεῖον
1132 1752 1354 1794 εἰσιόντι
1384 1753 1458 1798 εἷς
1485 1752 1575 1793 τὸν
1603 1752 1734 1793 ναὸν

94 1818 382 1872 ἀριστερᾶς
418 1818 622 1874 χειρός·

306 1883 392 1925 αἵδ’
417 1883 524 1937 ὑπὲρ
548 1883 761 1925 Ἑλλάνων
789 1899 830 1925 τε
858 1883 929 1925 καὶ
957 1883 1287 1938 ἀγχεμάχων
1314 1882 1515 1936 πολιητᾶν

359 1950 588 1991 ἔστασαν
615 1949 909 2004 εὐχόμεναι
938 1949 1122 2002 Κύπριδι
1153 1949 1368 2002 δαιμονίᾳ·

306 2015 358 2056 οὗ
387 2015 468 2069 γὰρ
496 2015 790 2069 τοξοφόροισιν
818 2015 1076 2069 ἐβούλετο
1106 2015 1164 2056 δῖ’
1190 2015 1415 2068 Ἀφροδίτα

360 2079 576 2135 Μήδοις
597 2080 812 2138 Ἑλλάνων
839 2080 1072 2134 ἀκρόπολιν
1101 2080 1340 2133 δόμεναι.

14 2149 18 2198 ἶ»
62 2140 203 2202 >{Cium
239 2147 617 2198 Theopompus
654 2148 917 2198 epigramma
954 2148 1153 2198 praebeat
1188 2158 1488 2197 anonymum,
1531 2150 1731 2186 constitu-

62 2207 254 2260 ‘flendum
296 2215 361 2252 est
405 2225 503 2253 eum
552 2213 765 2263 accepisse
810 2213 1031 2262 antiquam
1074 2213 1203 2251 huius
1244 2212 1561 2262 epigrammatis
1604 2213 1731 2251 tradi-

71 2267 249 2328 thionem
289 2276 359 2328 (A)
397 2289 450 2318 ex
486 2290 535 2318 ea
573 2280 710 2318 aetate
746 2279 1048 2328 propagatam,
1090 2289 1186 2316 cum
1217 2277 1420 2326 antiquus
1450 2288 1541 2315 mos
1572 2277 1731 2326 vigeret

64 2341 410 2393 *epigrammatis
438 2346 605 2394 poetam
634 2356 718 2383 non
750 2343 1014 2393 respiciendi.

2 2403 3 2406 ¹
146 2406 334 2448 Alterum
379 2409 669 2448 testimonium
714 2409 931 2448 invenitur
973 2408 1088 2458 apud
1132 2408 1487 2447 Plutarchum
1530 2407 1582 2446 de
1624 2408 1725 2446 Her.

77 2471 192 2522 ἰ
223 2472 298 2513 871
329 2485 367 2513 a.
418 2473 501 2519 Qui
529 2476 577 2513 ut
606 2474 891 2513 Herodoteam
923 2473 1059 2525 (VIII.
1093 2472 1162 2524 94)
1195 2473 1481 2512 narrationem
1511 2473 1730 2523 impugnet

182 2536 499 2578 Corinthiorum
535 2539 743 2588 ducisque
779 2538 991 2578 Adimanti
1020 2538 1063 2577 in
1094 2550 1239 2588 pugna
1272 2537 1502 2577 Salaminia
1531 2537 1725 2587 ignavia,

14 2607 20 2611 '
173 2602 255 2643 alia
295 2603 421 2643 affert
462 2606 716 2655 argumenta
754 2606 798 2643 et
835 2604 1026 2653 quinque
1062 2603 1207 2642 laudat
1245 2602 1574 2653 epigrammata,
1620 2614 1730 2651 quae

82 2660 97 2672 ’
182 2684 186 2687 ·
235 2684 244 2702 ·
281 2669 436 2719 partim
465 2669 669 2720 supparia
698 2671 773 2709 aut
801 2669 957 2719 partim
986 2669 1204 2718 aliquanto
1233 2670 1329 2718 post
1358 2667 1490 2706 incisa
1521 2668 1728 2707 Corinthi-

171 2748 206 2767 ···
254 2744 323 2773 res
359 2735 504 2785 gestas
540 2735 764 2774 testentur.
811 2734 1006 2780 Quorum
1044 2735 1246 2783 quattuor
1284 2745 1497 2783 anonyma
1535 2733 1724 2782 exhibet,

14 2793 18 2835 i
84 2799 141 2855 ἐν·
164 2807 204 2837 e
241 2798 383 2838 omnia
424 2798 524 2839 alibi
569 2798 777 2839 Simonidi
819 2799 1005 2849 ascripta
1048 2798 1326 2838 inveniuntur
1371 2797 1483 2849 (epp.
1526 2797 1604 2847 96,
1651 2798 1723 2846 97,

11 2848 19 2917 ἓ
182 2891 193 2913 ,
233 2861 324 2914 98);
362 2864 561 2914 quintum
590 2866 754 2915 autem,
796 2864 911 2914 quod
940 2864 1050 2903 idem
1079 2866 1142 2902 est
1171 2876 1235 2913 ep.
1272 2863 1366 2913 137,
1401 2875 1486 2912 quo
1514 2875 1727 2912 anonymo

143 2938 411 2979 ·pompum
462 2941 590 2969 usum
641 2941 735 2969 esse
786 2929 971 2968 vidimus
988 2959 998 2979 ,
1061 2929 1102 2967 id
1153 2929 1221 2967 ille
1271 2928 1415 2967 laudat
1467 2926 1728 2966 Simonidis

139 2990 280 3033 ‘mine
301 2993 586 3044 praeditum.
634 2995 683 3034 In
713 2997 917 3044 quattuor
945 2994 1075 3043 igitur
1105 2994 1185 3031 illis
1214 2994 1532 3043 epigrammatis
1564 2993 1725 3030 Plutar-

15 3098 22 3120 1,
87 3054 201 3114 ,Qus
249 3069 419 3110 quoque
471 3061 598 3100 refert
649 3061 868 3110 antiquam
920 3059 1187 3098 traditionem
1243 3059 1340 3109 (A),
1398 3059 1533 3107 quinti
1586 3060 1724 3096 nutem
