2072 3568
347 232 447 281 Cap.
483 228 572 279 111,
610 230 669 269 19.
1127 226 1203 266 166

347 366 538 405 gramma
578 357 623 393 ut
663 354 927 403 Philippeum
968 353 1008 391 in
1053 352 1267 402 Philippeo
1298 351 1465 391 Corona
1494 361 1549 390 an
1579 352 1627 390 ut
1656 325 1988 391 [noemmin
2051 378 2054 401 ÷

349 421 580 469 Meleagron
612 418 820 458 invenerit
850 421 995 457 nostra
1025 420 1192 456 tantum
1222 417 1419 466 interest,
1451 415 1567 466 quod
1591 414 1646 455 ad
1666 413 1988 467 eplgrammafla
2037 415 2056 459 ζ

347 485 551 534 originem
582 482 922 523 constituendam
952 482 1114 521 attinet.

406 550 494 589 Hae
530 549 801 605 quaestiones
838 559 973 597 aeque
1010 547 1129 586 alteri
1159 547 1290 586 huius
1317 545 1686 585 commentationis
1714 545 1825 597 parti
1853 555 1988 586 rem·-

351 615 489 655 vanda
519 617 620 654 sunt
649 616 777 664 atquc
805 625 876 663 ea,
909 624 1020 663 quac
1047 614 1112 652 est
1140 612 1193 651 de
1221 611 1307 651 fide
1334 610 1604 661 Cephalanae
1630 610 1989 662 epigrammatum

349 680 424 718 344
456 690 486 718 (ι
514 678 563 728 -†—
595 677 621 718 b
650 678 902 718 traditionis.
953 678 1006 717 Ut
1037 689 1138 716 vero
1166 687 1514 726 commemorem,
1546 674 1706 726 quibus
1736 673 1990 716 vicissitudi-

351 745 478 784 nibus
507 745 589 784 iam
619 746 718 783 ante
746 743 975 793 Cephalum
1006 742 1108 782 haec
1132 754 1228 792 epp.
1251 741 1436 781 obnoxia
1461 740 1595 781 tuisse
1618 751 1816 791 quaeque
1834 749 1992 781 caum

350 809 588 849 confusioni
625 809 889 848 occasionem
925 808 1095 848 dedisse
1123 807 1369 857 videantur,
1411 806 1454 846 in
1485 817 1690 857 praesens
1717 816 1871 846 moneo
1896 814 1992 846 meo

350 875 504 914 iudicio
532 877 630 914 ante
659 874 888 924 Cephalam
918 874 1040 913 titulo
1069 875 1142 913 τοῦ
1170 871 1301 912 αὐτοῦ
1329 883 1475 911 errore
1497 872 1552 911 ad
1576 871 1757 911 alterum
1777 869 1990 911 distichon
2041 864 2060 924 J

351 940 544 990 apposito
582 952 633 979 ex
671 952 759 979 uno
795 940 1101 990 epigrammate
1127 938 1214 978 duo
1242 950 1337 988 epp.
1368 937 1473 988 (344-
1494 948 1525 977 a
1550 939 1592 976 et
1621 935 1668 987 b)
1695 937 1790 976 orta
1816 946 1913 976 auo
1937 953 1993 965 -·
2047 966 2062 987 s

352 1005 581 1055 Cephalum
621 1005 896 1044 nihilominus
935 1016 1012 1055 pro
1051 1016 1137 1043 uno
1174 1004 1480 1054 epigrammate
1510 1014 1560 1042 ea
1588 1002 1860 1053 computasse
1886 998 1992 1041 vidi·
2039 992 2066 1040 s

352 1082 448 1109 mus
491 1082 561 1119 -;
606 1071 685 1110 hoc
727 1082 829 1109 vero
871 1070 1056 1109 duorum
1099 1068 1379 1108 distichorum
1417 1067 1681 1119 epigramma
1717 1077 1743 1107 a
1780 1066 1995 1118 Mdoagro

352 1147 437 1174 non
481 1135 657 1185 petitum
699 1147 795 1174 esse
835 1147 887 1174 ex
933 1134 1104 1185 Sylloge
1148 1133 1414 1183 Simoniden,
1460 1132 1536 1172 sed
1577 1133 1794 1172 auctorem
1835 1129 1995 1172 haben

353 1201 622 1251 Antipatrum
652 1198 902 1241 Sidonium
934 1198 1004 1250 (A.
1034 1196 1352 1249 ΣΙΛΩΝΙΟΥ,
1385 1199 1438 1238 ci.
1469 1197 1495 1250 g
1525 1198 1577 1238 82
1606 1209 1649 1238 n.
1678 1195 1795 1248 103„
1823 1207 1850 1237 a
1868 1195 1995 1237 ouius

352 1266 517 1306 dicendi
556 1266 719 1306 ratione
757 1278 840 1305 non
880 1266 1065 1305 alienum
1104 1276 1200 1304 esse
1235 1276 1301 1314 ep.
1339 1264 1417 1303 344
1447 1262 1475 1303 b
1505 1262 1660 1314 (nostri
1686 1273 1754 1313 ep.
1780 1260 1992 1302 manchon

353 1330 551 1381 alterum)
582 1332 666 1370 iam
694 1330 995 1370 animadvertit
1026 1330 1318 1379 Stadtmiiller,
1350 1330 1424 1379 qui
1455 1340 1556 1368 vero
1583 1340 1648 1379 ep.
1675 1327 1754 1368 344
1777 1338 1811 1368 a
1837 1324 1994 1378 (nostrl

353 1409 417 1447 ep.
459 1396 669 1436 distichon
707 1394 847 1446 prius)
891 1395 1098 1435 Simonidi
1138 1406 1223 1434 non
1261 1394 1535 1434 abiudicavit.
1582 1394 1806 1434 Praeterea
1834 1391 1920 1432 vid.
1946 1390 1993 1432 ln

354 1462 424 1501 alt.
459 1462 499 1500 h.
533 1473 567 1501 c.
600 1464 733 1511 parte.

410 1526 436 1578 ξ
466 1527 531 1566 93.
592 1525 660 1566 De
687 1538 754 1577 ep.
785 1525 875 1566 VII.
904 1526 973 1565 20
1001 1525 1072 1576 (=
1100 1525 1194 1565 180
1222 1525 1294 1577 B.)
1324 1537 1355 1565 α
1388 1523 1427 1565 C
1448 1523 1630 1565 iterato.
1690 1523 1770 1575 Ep.
1793 1522 1889 1563 v11.
1914 1521 1991 1574 2⁰,

354 1592 469 1641 quod
498 1593 530 1631 A
561 1592 683 1631 titulo
710 1589 959 1643 Σιμωνίδου
988 1592 1214 1642 instruxit,
1248 1591 1281 1631 C
1309 1590 1478 1631 iteravit
1506 1590 1549 1629 in
1578 1589 1772 1641 margine
1796 1587 1875 1628 inl.
1892 1598 1991 1639 pag.

355 1658 446 1696 cod.
478 1658 564 1697 Pal.
593 1658 671 1697 213
703 1660 798 1708 post
826 1669 890 1707 ep.
917 1658 1011 1696 VII.
1041 1657 1136 1707 3735
1166 1657 1288 1696 titulo
1316 1657 1488 1695 diverso
1514 1653 1751 1695 ἀόἑσποῐον
1775 1654 1991 1694 ornatum.

357 1723 472 1762 Haec
511 1724 702 1773 repetitio
740 1735 825 1762 non
864 1723 1101 1763 Correctori
1138 1722 1220 1772 ipsi
1248 1722 1447 1771 debetur,
1488 1721 1564 1761 sed
1593 1719 1785 1761 Michaeli
1813 1718 1996 1760 chartu-

355 1789 483 1838 lario,
529 1790 576 1827 ut
618 1788 927 1827 demonstravit
973 1787 1251 1827 Stadtmiiller
1293 1787 1335 1826 11
1380 1799 1421 1837 p.
1464 1786 1557 1825 XV:
1603 1786 1786 1826 ‘iteravit
1826 1783 1861 1825 C
1894 1794 1991 1835 epp.

355 1852 451 1891 libri
489 1853 569 1892 VII
606 1853 662 1892 ab
697 1854 731 1892 Α
770 1853 927 1903 scripta
965 1853 1109 1892 decem
1147 1852 1236 1902 20,
1280 1852 1329 1891 77
1366 1855 1407 1891 et
1443 1851 1523 1891 516
1562 1849 1634 1903 [de
1660 1850 1729 1890 his
1755 1847 1867 1902 σιξ
1894 1845 1992 1900 58],

356 1918 456 1968 364,
494 1919 573 1958 450
610 1917 680 1970 [cf.
714 1930 846 1969 supra
881 1931 921 1969 p.
958 1917 1051 1970 163]
1089 1918 1133 1958 et
1161 1928 1282 1970 quae
1307 1929 1385 1969 seq
1389 1946 1576 1956 .....
1609 1915 1867 1966 scripsitque
1891 1914 1998 1955 haee

356 1984 498 2023 omnia
535 1984 579 2023 in
616 1996 665 2024 ea
702 1984 858 2023 codicis
896 1987 1037 2034 parte,
1079 1983 1148 2023 cui
1175 1983 1514 2022 emendationem
1542 1993 1595 2021 ex
1623 1979 1860 2021 Archivaril
1885 1978 1997 2020 libro

357 2049 572 2099 adhibuit,
619 2061 772 2089 novem
815 2049 958 2100 priora
1001 2049 1116 2099 ideo,
1158 2052 1206 2088 ut
1243 2060 1354 2098 quae
1390 2047 1580 2087 eiusdem
1617 2045 1860 2097 argumenti
1894 2054 1992 2096 epp.

358 2116 424 2154 vel
461 2115 504 2154 in
541 2115 710 2155 eosdem
750 2116 908 2167 scripta
941 2117 1135 2154 extarent
1163 2115 1206 2153 in
1237 2114 1480 2164 Cephalana
1509 2113 1727 2163 dispersa,
1767 2110 1998 2152 lectoribus

357 2180 501 2220 iuncta
542 2179 913 2231 proponerentur'.
960 2180 1148 2219 Titulum
1190 2182 1332 2219 autem
1376 2177 1612 2219 ἀδέσποτον
1652 2178 1745 2217 sive
1780 2175 1998 2217 mendi·

359 2245 425 2284 vel
467 2245 727 2285 Correctoris
769 2246 1059 2297 neglegentiae
1099 2245 1191 2284 sive
1230 2245 1267 2284 ei
1312 2245 1393 2294 rei,
1439 2244 1555 2294 quod
1589 2241 1916 2294 ‚epigrammatis
1950 2241 1997 2280 in

361 2310 582 2360 Sophoclis
629 2313 806 2350 mortem
853 2312 995 2361 potius
1040 2312 1256 2350 auctorem
1302 2310 1511 2349 incertum
1557 2320 1689 2359 quam
1735 2305 1998 2348 simonidem

360 2376 616 2426 indicarent,
645 2376 919 2415 tribuendum
944 2387 1039 2415 esse
1061 2376 1181 2415 docet
1205 2387 1443 2415 consensus
1467 2374 1632 2414 scribae
1653 2373 1688 2413 A
1709 2375 1753 2413 et
1773 2370 1993 2415 Plautinis.

361 2441 523 2480 Iniuria
552 2442 683 2492 igitur
714 2442 991 2481 Stadtmiiller
1019 2441 1190 2480 titulum
1220 2441 1253 2481 C
1281 2439 1601 2494 epigrammatis
1628 2438 1768 2478 iterati
1796 2435 1998 2488 reeipien-

360 2505 463 2544 dum
501 2506 623 2546 duxit
659 2507 702 2545 in
740 2507 879 2546 locum
917 2506 1027 2545 tituli
1066 2506 1297 2556 Cephalani
1337 2505 1389 2556 (A
1423 2522 1477 2538 =
1511 2504 1621 2554 PL),
1661 2503 1736 2554 qui
1762 2502 1819 2543 ad
1846 2511 1997 2542 verum

360 2571 679 2621 epigrammatis
716 2574 882 2621 poetam
920 2571 1159 2611 eruendum
1186 2593 1240 2599 —
1267 2571 1539 2621 Antipatrum
1568 2566 1820 2609 Sidonium
1844 2566 1999 2618 opinor

368 2657 413 2662 —
440 2636 703 2675 occasionem
732 2637 835 2676 dare
863 2639 1013 2686 potest.

418 2699 443 2751 §
474 2700 538 2740 94.
599 2700 667 2741 De
704 2700 1015 2753 Antkoloyt‘ae
1049 2700 1298 2741 Palatinae
1326 2699 1446 2741 libro
1475 2698 1602 2740 XIII.
1661 2699 1741 2738 Vix
1767 2698 1999 2749 quisquam

363 2765 486 2804 hodie
515 2770 663 2817 negat,
704 2767 875 2817 opinor,
908 2768 973 2817 id,
1006 2767 1120 2817 quod
1150 2767 1335 2818 primum
1365 2765 1675 2806 demonstravit
1701 2764 1886 2804 Wolters
1913 2762 1995 2803 Ra.

364 2830 473 2869 Mus.
510 2831 575 2870 38.
615 2832 716 2871 1883
746 2844 786 2882 p.
818 2833 892 2871 109
921 2845 1034 2882 sqq.,
1076 2833 1363 2882 Cephalanam
1391 2831 1688 2881 Anthologiam
1717 2831 1880 2880 septem
1905 2829 1998 2875 tan?
2060 2819 2072 2869 Ξ

363 2897 453 2934 tum
474 2896 605 2935 libros
624 2898 885 2947 complexam
905 2910 1018 2948 esse,
1050 2898 1124 2947 qui
1144 2898 1421 2937 convenirent
1438 2896 1559 2935 libris
1579 2895 1783 2935 Palatinis
1802 2884 1995 2944 v-vlr,

365 2960 561 2999 Ix—XII
579 2991 589 3011 ,
635 2962 794 3011 quibus
836 2962 1138 3012 praecessisset
1179 2962 1381 3012 prooemii
1423 2962 1515 3001 vice
1552 2961 1659 3000 liber
1700 2960 1758 2999 IV
1797 2957 1999 3010 Meleagri

366 3025 545 3075 Philippi
587 3026 792 3077 Agathiae
833 3028 1047 3077 prooemia
1090 3028 1325 3067 continens.
1388 3026 1624 3067 Sternbach
1667 3025 1803 3064 Melet.
1843 3023 1918 3064 Gr.
1958 3022 1995 3063 1.

367 3089 469 3129 1886
507 3103 546 3140 p
583 3091 631 3130 18
663 3103 727 3141 sq.
761 3103 865 3131 sane
891 3093 1116 3132 oblocutus
1143 3094 1208 3132 est
1236 3092 1478 3140 Woltersio;
1517 3091 1593 3130 sed
1621 3090 1751 3130 huius
1779 3089 1859 3128 viri
1886 3088 1999 3132 docti
2053 3115 2072 3157 ,ᾗ
