2072 3568
317 241 418 290 cap.
453 238 542 288 111,
575 239 639 279 32.
1092 238 1169 279 214

315 365 508 404 cominus
554 366 682 414 atque
729 363 883 403 Persas
929 375 1033 403 arcu
1075 364 1245 403 eminus
1287 366 1530 415 pugnantes
1570 367 1718 407 extare
1756 364 1952 419 videtur,

315 442 443 480 quam
492 429 533 468 in
582 429 713 468 altero
759 429 1065 479 epigrammate
1112 428 1449 480 Eurymedontio
1497 429 1742 471 Simoniden
1783 429 1862 473 105
1901 452 1956 462 —

314 494 428 545 quod
468 494 509 533 in
552 494 723 545 Sylloge
759 493 884 534 afluit
924 493 1037 544 (VII.
1071 493 1172 544 258,
1214 494 1267 533 cf.
1303 492 1330 546 g
1368 494 1462 545 101)
1493 516 1544 523 —
1571 494 1765 537 obtinere
1791 496 1957 540 monuit

317 560 393 599 Ed.
437 560 579 611 Meyer
624 559 796 598 Forscli.
837 559 879 598 11
921 572 960 610 p.
1001 559 1048 598 21
1091 571 1179 609 sq.:
1219 558 1417 612 αἰχμηταὶ
1457 581 1503 588 -
1545 551 1700 614 Μῆδοί
1726 559 1958 615 τοξοφόροι

317 624 551 675 (invenitur
578 624 704 663 etiam
734 624 776 663 in
808 624 1126 664 Corinthiarum
1155 622 1417 676 ἱεροόούλων
1444 624 1623 675 ep.137‚
1653 623 1957 680 ἀγχέμαχοι-

315 688 564 742 τοξοφόροι,
605 690 879 730 Wilamowitz
918 690 1080 729 Comm.
1120 701 1160 740 p.
1200 689 1247 740 6,
1290 690 1343 730 ci.
1385 688 1412 742 g
1450 689 1502 730 33
1540 701 1583 730 n.
1621 690 1673 731 44
1709 693 1752 732 et
1780 689 1809 744 β
1840 690 1952 744 128).

315 757 366 795 In
419 758 566 795 nostro
615 756 728 795 enim
779 767 845 805 ep.
892 755 1036 794 hostes
1083 756 1235 795 armati
1283 757 1386 795 sunt
1431 754 1732 809 τανυγλώχισιν
1774 754 1953 810 ὀιστοῖς,

316 821 471 860 mortui
521 823 690 870 autem,
746 832 932 870 quorum
981 821 1183 860 memoria
1231 820 1493 872 celebratur,
1549 824 1759 863 vocantur
1803 821 1958 877 ἄνδρες

315 884 605 925 ἀκοντοόόκοι.
650 885 715 925 Illi
751 885 882 936 igitur
911 887 1012 925 sunt
1041 883 1293 937 τοξοφόροι,
1338 885 1593 926 videnturne
1619 888 1763 929 autem
1788 887 1835 929 hi
1860 899 1959 931 ene

319 952 413 991 ‘viri
451 952 604 1002 fortes,
646 952 719 1001 qui
757 952 937 991 telorum
971 951 1082 991 ietus
1111 951 1297 1001 recipere
1325 963 1411 991 non
1440 950 1669 1003 dubitant'‚
1709 955 1759 995 ut
1786 953 1953 1007 Bergk,

316 1017 380 1056 vel
410 1017 511 1067 viri,
553 1016 627 1067 qui
657 1028 710 1056 ne
738 1016 874 1056 iaculo
903 1016 1114 1055 feriantur
1142 1019 1317 1067 cavent,
1359 1019 1407 1056 ut
1435 1017 1576 1068 Etym.
1605 1017 1749 1071 Magn.
1774 1018 1957 1072 expuent

315 1082 569 1122 vocabulum
591 1081 694 1133 1⁶³)‘9’
738 1082 964 1121 Insolitum
993 1082 1207 1132 epitheton
1237 1082 1567 1133 intellegendum
1597 1084 1663 1124 est
1690 1085 1740 1125 nt
1764 1084 1956 1138 φαρέτρα

314 1146 507 1198 ἰοδόκος,
549 1160 660 1199 quae
697 1148 876 1199 sagittas
913 1148 1122 1198 continet,
1163 1148 1316 1187 deinde
1344 1148 1511 1199 sagittis
1540 1148 1748 1189 insti-ueta
1771 1150 1863 1201 eet,
1902 1148 1959 1191 de

316 1214 408 1252 viro
437 1214 559 1253 hasta
587 1214 820 1263 instructo,
853 1215 1039 1263 armato,
1072 1213 1204 1264 igitur
1231 1213 1285 1253 de
1312 1212 1508 1266 αἰχμητῇ.
1556 1214 1878 1266 Peropportune
1901 1226 1957 1256 ox

314 1279 530 1319 Mnasalea
559 1279 630 1318 VI.
658 1279 683 1319 9
712 1279 895 1318 conferri
925 1281 1063 1329 potest
1091 1278 1304 1329 epitheton
1333 1277 1524 1331 ἰοχέαιρα
1550 1279 1712 1321 Dianae
1732 1280 1957 1332 proprium

315 1344 539 1394 pharetrae
578 1344 831 1384 attributum
877 1343 973 1395 (pro
1011 1342 1217 1394 ιὀὀόκος).
1265 1345 1383 1395 Ergo
1410 1345 1758 1386 constituendum
1786 1345 1957 1387 videtur

313 1411 527 1449 auctorem
574 1410 882 1460 oppositionem
929 1409 1213 1460 epithetorum
1262 1410 1495 1450 Simonidei
1541 1410 1746 1451 carminis
1789 1410 1835 1451 in
1875 1421 1956 1452 suo

316 1475 491 1514 reddere
519 1475 707 1514 voluisse
733 1475 973 1525 lemmaque
1001 1475 1095 1514 iure
1122 1474 1312 1515 indicare
1339 1486 1404 1526 ep.
1433 1486 1529 1515 esse
1553 1474 1951 1527 Eurymedonuum.

371 1541 541 1580 Praeter
582 1541 694 1581 hano
738 1540 1026 1580 Simonideam
1063 1540 1340 1580 imitationem
1378 1541 1651 1592 praeeipuam
1687 1540 1733 1581 in
1769 1540 1852 1582 hoe
1883 1552 1952 1592 ep.

315 1606 495 1645 aliorum
555 1606 896 1646 Simonideorum
957 1606 1314 1657 epigrammatum
1375 1607 1604 1647 memoriae
1657 1606 1957 1663 inveniuntur-2

317 1671 715 1711 Commemorantur
739 1670 887 1724 ἄψυχα
910 1673 1095 1723 μνημεῖα
1119 1669 1344 1712 θανόντων
1366 1670 1579 1725 ἐμψύχων
1604 1672 1723 1724 (ossa
1742 1672 1956 1714 mninia

315 1739 582 1776 mortuorum
619 1736 948 1787 animatorum),
989 1738 1148 1787 quibus
1186 1740 1309 1788 poeta
1347 1738 1561 1789 signifieat
1593 1739 1771 1779 heroum
1798 1749 1956 1779 memo-

315 1802 442 1852 riam,
466 1814 728 1852 quamquam
749 1815 927 1853 corpora
948 1803 1090 1843 anima
1106 1803 1192 1843 sint
1206 1803 1430 1854 destituta,
1455 1815 1541 1844 uon
1555 1803 1954 1854 esseinteritnram3

315 1879 399 1917 qua
446 1868 654 1908 sententia
701 1869 872 1919 respicit
921 1868 1213 1908 Simonideum
1261 1880 1326 1919 ep.
1372 1869 1424 1909 99
1467 1891 1517 1897 —
1558 1869 1673 1919 quod
1714 1868 1957 1911 mandene

314 1945 486 1983 quoque
521 1934 713 1984 exemplo
750 1934 885 1973 fuisse
924 1934 1109 1973 vidimus
1147 1932 1195 1985 (ἓ
1227 1933 1322 1984 125)
1353 1946 1481 1974 suum
1509 1946 1576 1985 ep.
1603 1933 1956 1986 Thermopylemi

314 2000 580 2049 componenti
622 2012 694 2039 —:
738 1998 839 2039 οὐδὲ
880 1997 1048 2039 τεθνᾶσι
1091 1997 1304 2044 θανόντες.
1363 1999 1595 2040 Simonidei
1635 1999 1955 2052 epigrammatis

358 2158 421 2199 165)
468 2159 583 2202 Etym.
603 2160 719 2202 Magn.
740 2159 802 2201 50,
827 2159 871 2193 56
893 2157 1225 2202 ἀκοντοδόκος]
1250 2157 1528 2202 δοκιμάζειν
1550 2157 1683 2203 λέγεται
1702 2157 1742 2194 τό
1758 2157 1954 2205 Μηρώ·

314 2212 375 2247 καὶ
406 2213 621 2248 ὄοκεύειν
651 2213 690 2247 τὸ
720 2213 826 2256 αὐτό,
858 2213 920 2249 καὶ
951 2214 1123 2250 δοκεῖν.
1156 2214 1219 2249 καὶ
1241 2214 1312 2249 ἀπὸ
1336 2214 1460 2250 τούτου
1483 2214 1801 2254 ἅκοντοόόκος
1821 2213 1955 2251 628⁸-

315 2273 482 2314 τηρῶν,
504 2270 658 2315 μήπου
682 2269 883 2315 ἀκοντίῳ
905 2271 1071 2316 βληθῇ,
1098 2274 1170 2307 Vox
1191 2274 1328 2307 novicia
1346 2283 1387 2307 ac
1406 2273 1655 2316 proculdubio
1672 2270 1769 2313 ἅπαξ
1785 2270 1954 2317 eloquin

315 2328 381 2361 nisi
411 2338 452 2361 ex
486 2332 604 2361 nostro
635 2330 892 2371 epigrammate
923 2331 1061 2364 laudari
1093 2341 1163 2364 non
1194 2331 1319 2373 potuit.
1354 2330 1581 2374 Quamquam
1604 2332 1835 2374 glesum
1858 2330 1957 2365 hunc

314 2385 428 2426 ipsum
453 2395 592 2418 versum
617 2387 810 2428 respexisse
830 2397 900 2419 non
921 2397 1003 2420 cum
1025 2387 1174 2430 Bergkio
1194 2387 1404 2429 putaverim.
1430 2387 1519 2420 Eum
1539 2387 1752 2421 adiectivum
1771 2396 1954 2431 perrarum
2011 2411 2015 2413 -

314 2441 500 2474 offendisse
523 2442 675 2475 arbitror
697 2443 789 2485 apud
812 2443 1083 2486 Herodianum,
1107 2444 1170 2486 qui
1190 2443 1326 2477 Cathol.
1350 2444 1443 2476 Pros.
1465 2443 1490 2476 1.
1511 2443 1596 2486 150,
1618 2442 1664 2476 Ἡ)
1685 2443 1721 2477 1..
1741 2443 1787 2477 d·
1803 2446 1953 2479 moentn

315 2497 499 2529 verborum
525 2498 559 2530 in
585 2509 706 2538 ·οκος,
731 2496 858 2535 -ὄοκος
878 2500 1083 2541 disputavit.
1110 2499 1178 2532 Hic
1193 2500 1281 2542 legit
1297 2510 1350 2541 ep.
1368 2500 1405 2532 in
1422 2499 1560 2532 Corona
1575 2499 1773 2542 Malagm-
1782 2496 1954 2542 (4312566),

314 2553 424 2585 Nihili
448 2554 556 2595 igitur
578 2558 633 2587 est
657 2555 816 2588 facienda
841 2556 977 2597 glossae
1001 2556 1198 2598 explicatio.
1221 2572 1265 2579 —-—
1290 2555 1426 2588 Hecker
1444 2554 1486 2588 11.
1507 2553 1575 2588 292
1596 2551 1705 2598 atqn‘e
1719 2554 1955 2589 suat-nouu-

314 2609 524 2642 vocabulum
555 2611 664 2643 etiam
696 2611 765 2653 legi
797 2615 946 2644 monent
975 2611 1092 2645 Schol.
1123 2612 1168 2645 ad
1203 2612 1242 2645 n.
1271 2609 1314 2644 Π
1339 2611 1402 2644 361
1436 2609 1594 2644 σκέπτετ’
1624 2609 1754 2645 ὀιστῶν
1775 2621 1811 2644 τε
1832 2608 1956 2654 ῥοῖζον

314 2662 375 2696 καὶ
406 2663 539 2697 δοῦπον
568 2663 745 2709 ἀκόντων]
780 2670 902 2701 τοῦτον
932 2666 1248 2701 ἀκοντοὸόκον
1278 2666 1399 2711 φασίν.
1435 2667 1596 2702 Glossam
1628 2678 1710 2702 vero
1741 2667 1955 2712 etymologii

314 2720 432 2762 Magni
465 2732 534 2754 non
565 2723 607 2755 ad
642 2723 782 2756 Scholia
815 2725 998 2758 Homerica
1027 2735 1225 2767 recurrere,
1256 2726 1315 2758 sed
1341 2730 1465 2758 contra
1485 2725 1719 2759 Scholiastam
1742 2725 1956 2768 glonnipn

315 2787 420 2810 usum
452 2788 528 2811 esse
559 2779 646 2811 mihi
677 2784 824 2813 constat.
862 2781 932 2814 lioc
962 2782 1058 2814 enim
1086 2781 1252 2815 Scholion
1277 2782 1377 2815 valde
1400 2786 1456 2815 est
1479 2791 1601 2815 recens
1623 2791 1741 2825 neque
1762 2782 1895 2824 legitur
1914 2780 1953 2814 in

314 2833 463 2866 Sclioliis
495 2834 578 2867 Ven.
604 2835 630 2866 Α
656 2845 771 2878 neque
797 2837 832 2869 in
857 2836 1079 2870 Sclioliorum
1103 2832 1184 2871 eod(
1203 2838 1287 2871 Ven.
1313 2838 1339 2870 B
1363 2848 1480 2881 neque
1503 2839 1540 2871 in
1563 2838 1759 2879 codicibus,
1789 2838 1853 2881 qui
1875 2840 1955 2880 pon

316 2889 411 2922 hunc
441 2891 514 2923 cod.
547 2892 701 2924 alterum
733 2892 953 2926 Scholiorum
986 2904 1100 2937 genus
1132 2898 1418 2936 repraesentant,
1453 2894 1646 2937 primariis,
1676 2894 1737 2928 sed
1768 2895 1805 2927 in
1835 2893 1953 2928 codiee
1973 2916 1999 2937 ⁸·
2067 2906 2069 2908 ·

316 2945 513 2979 victoriano
537 2946 736 2981 Monacensi
761 2950 892 2982 saeculi
918 2950 1003 2983 XVI·
1031 2949 1101 2990 (ed.
1126 2954 1269 2983 tantum
1291 2951 1385 2992 apud
1411 2949 1646 2992 Bekkerum),
1672 2959 1782 2993 quem
1803 2958 1952 2993 apogra-

315 3002 408 3043 phon
439 3013 515 3036 esse
545 3007 684 3037 constat
713 3005 831 3045 (Dind.
866 3006 931 3039 vol.
962 3007 1008 3039 ΙΙΙ
1042 3018 1072 3049 p.
1107 3006 1169 3047 ix>
1199 3007 1328 3040 codicis
1358 3006 1594 3047 Townleiani3
1625 3007 1688 3049 qui
1718 3006 1845 3049 codex,
1875 3010 1954 3049 post

316 3057 491 3091 Yenetum
526 3060 551 3091 B
582 3060 728 3094 alterius
760 3063 883 3095 classis
911 3063 1133 3096 Scholiorum
1162 3064 1265 3097 testis
1289 3064 1468 3106 princeps,
1498 3063 1573 3105 ipse
1598 3063 1663 3095 hoc
1684 3062 1824 3096 Scholia
1845 3065 1951 3096 earet.

315 3112 364 3144 De
388 3113 536 3147 Scholiis
561 3115 771 3149 Victorianis
795 3118 989 3160 disputavit
1011 3117 1071 3152 Ἀ.
1097 3119 1248 3152 Roemer
1269 3118 1467 3161 (monaca,
1490 3119 1571 3152 diss.
1595 3118 1707 3159 1874).
1760 3159 1763 3162 Α
