<?xml version="1.0" encoding="UTF-8"?>
<!DOCTYPE html PUBLIC "-//W3C//DTD XHTML 1.0 Transitional//EN"
    "http://www.w3.org/TR/xhtml1/DTD/xhtml1-transitional.dtd">
<html xmlns="http://www.w3.org/1999/xhtml" xml:lang="en" lang="en">
 <head>
  <title>
</title>
<meta http-equiv="Content-Type" content="text/html;charset=utf-8" />
  <meta name='ocr-system' content='tesseract 3.04.00' />
  <meta name='ocr-capabilities' content='ocr_page ocr_carea ocr_par ocr_line ocrx_word'/>
</head>
<body>
  <div class='ocr_page' id='page_1' title='image "./deepigrammatasim00boasuoft_0166.png"; bbox 0 0 2072 3568; ppageno 0'>
   <div class='ocr_carea' id='block_1_1' title="bbox 1940 0 2036 46">
    <p class='ocr_par' dir='ltr' id='par_1_1' title="bbox 1940 0 2036 46">
     <span class='ocr_line' id='line_1_1' title="bbox 1940 0 2036 46; baseline -0.021 -5"><span class='ocrx_word' id='word_1_1' title='bbox 1940 0 1942 5; x_wconf 74' lang='grc'>’</span> <span class='ocrx_word' id='word_1_2' title='bbox 1952 0 2036 46; x_wconf 48' lang='lat' dir='ltr'>:sse-2³23</span> 
     </span>
    </p>
   </div>
   <div class='ocr_carea' id='block_1_2' title="bbox 378 213 1231 269">
    <p class='ocr_par' dir='ltr' id='par_1_2' title="bbox 378 213 1231 269">
     <span class='ocr_line' id='line_1_2' title="bbox 378 213 1231 269; baseline -0.004 -12"><span class='ocrx_word' id='word_1_3' title='bbox 378 219 478 269; x_wconf 73' lang='lat' dir='ltr'>‹an.</span> <span class='ocrx_word' id='word_1_4' title='bbox 514 213 602 267; x_wconf 90' lang='lat'>111,</span> <span class='ocrx_word' id='word_1_5' title='bbox 640 215 699 256; x_wconf 81' lang='lat'>19.</span> <span class='ocrx_word' id='word_1_6' title='bbox 1158 213 1231 255; x_wconf 77' lang='lat'>144</span> 
     </span>
    </p>
   </div>
   <div class='ocr_carea' id='block_1_3' title="bbox 376 337 2072 3145">
    <p class='ocr_par' dir='ltr' id='par_1_3' title="bbox 376 337 2021 644">
     <span class='ocr_line' id='line_1_3' title="bbox 432 337 2021 392; baseline 0 -11"><span class='ocrx_word' id='word_1_7' title='bbox 432 343 552 382; x_wconf 85' lang='lat' dir='ltr'>Nunc</span> <span class='ocrx_word' id='word_1_8' title='bbox 580 340 794 392; x_wconf 84' lang='lat' dir='ltr'>quomodo</span> <span class='ocrx_word' id='word_1_9' title='bbox 823 340 889 379; x_wconf 90' lang='lat' dir='ltr'>hic</span> <span class='ocrx_word' id='word_1_10' title='bbox 918 339 1058 379; x_wconf 82' lang='lat' dir='ltr'>scriba</span> <span class='ocrx_word' id='word_1_11' title='bbox 1088 340 1130 379; x_wconf 86' lang='lat' dir='ltr'>in</span> <span class='ocrx_word' id='word_1_12' title='bbox 1161 338 1295 378; x_wconf 78' lang='lat' dir='ltr'>titulis</span> <span class='ocrx_word' id='word_1_13' title='bbox 1324 338 1533 379; x_wconf 83' lang='lat' dir='ltr'>librorum</span> <span class='ocrx_word' id='word_1_14' title='bbox 1559 337 1607 388; x_wconf 91' lang='lat' dir='ltr'>V,</span> <span class='ocrx_word' id='word_1_15' title='bbox 1631 337 1712 388; x_wconf 87' lang='lat' dir='ltr'>v1‚</span> <span class='ocrx_word' id='word_1_16' title='bbox 1736 337 1832 380; x_wconf 88' lang='lat' dir='ltr'>v11.</span> <span class='ocrx_word' id='word_1_17' title='bbox 1862 338 2021 381; x_wconf 69' lang='lat'><strong>1-155</strong></span> 
     </span>
     <span class='ocr_line' id='line_1_4' title="bbox 377 403 2021 458; baseline 0 -12"><span class='ocrx_word' id='word_1_18' title='bbox 377 407 648 458; x_wconf 71' lang='lat' dir='ltr'>supplendis,</span> <span class='ocrx_word' id='word_1_19' title='bbox 691 406 763 446; x_wconf 89' lang='lat' dir='ltr'>ubi</span> <span class='ocrx_word' id='word_1_20' title='bbox 801 405 911 445; x_wconf 86' lang='lat' dir='ltr'>tituli</span> <span class='ocrx_word' id='word_1_21' title='bbox 951 415 1109 444; x_wconf 72' lang='lat' dir='ltr'>omnes</span> <span class='ocrx_word' id='word_1_22' title='bbox 1145 405 1181 443; x_wconf 90' lang='lat' dir='ltr'>ei</span> <span class='ocrx_word' id='word_1_23' title='bbox 1217 403 1400 444; x_wconf 87' lang='lat' dir='ltr'>addendi</span> <span class='ocrx_word' id='word_1_24' title='bbox 1432 414 1517 443; x_wconf 85' lang='lat' dir='ltr'>non</span> <span class='ocrx_word' id='word_1_25' title='bbox 1545 405 1692 454; x_wconf 84' lang='lat' dir='ltr'>erant,</span> <span class='ocrx_word' id='word_1_26' title='bbox 1733 414 1913 445; x_wconf 73' lang='lat' dir='ltr'>munere</span> <span class='ocrx_word' id='word_1_27' title='bbox 1937 414 2021 446; x_wconf 73' lang='lat' dir='ltr'>nto</span> 
     </span>
     <span class='ocr_line' id='line_1_5' title="bbox 378 469 2021 521; baseline -0.002 -8"><span class='ocrx_word' id='word_1_28' title='bbox 378 475 550 513; x_wconf 77' lang='lat' dir='ltr'>iunctus</span> <span class='ocrx_word' id='word_1_29' title='bbox 575 473 651 521; x_wconf 79' lang='lat' dir='ltr'>sit,</span> <span class='ocrx_word' id='word_1_30' title='bbox 686 471 919 510; x_wconf 81' lang='lat' dir='ltr'>videamus.</span> <span class='ocrx_word' id='word_1_31' title='bbox 955 470 1064 510; x_wconf 86' lang='lat' dir='ltr'>Eum</span> <span class='ocrx_word' id='word_1_32' title='bbox 1091 481 1230 521; x_wconf 90' lang='lat' dir='ltr'>neque</span> <span class='ocrx_word' id='word_1_33' title='bbox 1248 472 1406 509; x_wconf 85' lang='lat' dir='ltr'>temere</span> <span class='ocrx_word' id='word_1_34' title='bbox 1425 469 1595 509; x_wconf 82' lang='lat' dir='ltr'>titulum</span> <span class='ocrx_word' id='word_1_35' title='bbox 1616 469 1650 509; x_wconf 99' lang='lat' dir='ltr'>A</span> <span class='ocrx_word' id='word_1_36' title='bbox 1673 470 1864 510; x_wconf 67' lang='lat' dir='ltr'>mntaaoe</span> <span class='ocrx_word' id='word_1_37' title='bbox 1881 479 2021 521; x_wconf 75' lang='lat' dir='ltr'>neque</span> 
     </span>
     <span class='ocr_line' id='line_1_6' title="bbox 376 534 2019 586; baseline -0.001 -8"><span class='ocrx_word' id='word_1_38' title='bbox 376 539 544 578; x_wconf 80' lang='lat' dir='ltr'>titulum</span> <span class='ocrx_word' id='word_1_39' title='bbox 584 537 639 577; x_wconf 87' lang='lat' dir='ltr'>ab</span> <span class='ocrx_word' id='word_1_40' title='bbox 673 538 706 576; x_wconf 87' lang='lat' dir='ltr'>A</span> <span class='ocrx_word' id='word_1_41' title='bbox 734 537 943 575; x_wconf 86' lang='lat' dir='ltr'>omissum</span> <span class='ocrx_word' id='word_1_42' title='bbox 974 535 1246 586; x_wconf 67' lang='lat' dir='ltr'>neglegenter</span> <span class='ocrx_word' id='word_1_43' title='bbox 1274 534 1480 574; x_wconf 83' lang='lat' dir='ltr'>adiecisse</span> <span class='ocrx_word' id='word_1_44' title='bbox 1506 534 1774 575; x_wconf 83' lang='lat' dir='ltr'>demonstrat</span> <span class='ocrx_word' id='word_1_45' title='bbox 1798 534 1894 575; x_wconf 79' lang='lat' dir='ltr'>elus</span> <span class='ocrx_word' id='word_1_46' title='bbox 1918 545 2019 576; x_wconf 75' lang='lat' dir='ltr'>oum</span> 
     </span>
     <span class='ocr_line' id='line_1_7' title="bbox 379 603 855 644; baseline -0.008 0"><span class='ocrx_word' id='word_1_47' title='bbox 379 603 568 644; x_wconf 85' lang='lat' dir='ltr'>Planude</span> <span class='ocrx_word' id='word_1_48' title='bbox 595 613 855 642; x_wconf 83' lang='lat' dir='ltr'>consensus:</span> 
     </span>
    </p>

    <p class='ocr_par' dir='ltr' id='par_1_4' title="bbox 477 665 1267 708">
     <span class='ocr_line' id='line_1_8' title="bbox 477 665 1267 708; baseline -0.005 0"><span class='ocrx_word' id='word_1_49' title='bbox 477 670 523 708; x_wconf 92' lang='lat' dir='ltr'>V.</span> <span class='ocrx_word' id='word_1_50' title='bbox 584 669 634 707; x_wconf 85' lang='lat'>65</span> <span class='ocrx_word' id='word_1_51' title='bbox 664 665 898 706; x_wconf 75' lang='grc' dir='ltr'><em>ἀδέσποτον</em></span> <span class='ocrx_word' id='word_1_52' title='bbox 927 666 959 705; x_wconf 79' lang='grc' dir='ltr'>Α</span> <span class='ocrx_word' id='word_1_53' title='bbox 994 666 1138 706; x_wconf 74' lang='lat' dir='ltr'>Rufini</span> <span class='ocrx_word' id='word_1_54' title='bbox 1170 665 1267 706; x_wconf 84' lang='lat' dir='ltr'>CPl.</span> 
     </span>
    </p>

    <p class='ocr_par' dir='ltr' id='par_1_5' title="bbox 479 730 1791 782">
     <span class='ocr_line' id='line_1_9' title="bbox 479 730 1791 782; baseline -0.002 -9"><span class='ocrx_word' id='word_1_55' title='bbox 479 735 524 773; x_wconf 90' lang='lat' dir='ltr'>V.</span> <span class='ocrx_word' id='word_1_56' title='bbox 558 734 635 773; x_wconf 84' lang='lat'>307</span> <span class='ocrx_word' id='word_1_57' title='bbox 665 731 867 782; x_wconf 83' lang='lat' dir='ltr'>Antiphili</span> <span class='ocrx_word' id='word_1_58' title='bbox 896 732 930 770; x_wconf 89' lang='lat' dir='ltr'>A</span> <span class='ocrx_word' id='word_1_59' title='bbox 960 731 1192 770; x_wconf 89' lang='lat' dir='ltr'>Philodemi</span> <span class='ocrx_word' id='word_1_60' title='bbox 1222 731 1319 771; x_wconf 89' lang='lat' dir='ltr'>CPl.</span> <span class='ocrx_word' id='word_1_61' title='bbox 1354 731 1426 782; x_wconf 77' lang='lat' dir='ltr'>(ci.</span> <span class='ocrx_word' id='word_1_62' title='bbox 1460 731 1573 771; x_wconf 77' lang='lat' dir='ltr'>inira</span> <span class='ocrx_word' id='word_1_63' title='bbox 1603 742 1645 771; x_wconf 89' lang='lat' dir='ltr'>n.</span> <span class='ocrx_word' id='word_1_64' title='bbox 1680 730 1791 782; x_wconf 81' lang='lat'>108).</span> 
     </span>
    </p>

    <p class='ocr_par' dir='ltr' id='par_1_6' title="bbox 482 795 2020 979">
     <span class='ocr_line' id='line_1_10' title="bbox 482 795 2020 848; baseline -0.001 -10"><span class='ocrx_word' id='word_1_65' title='bbox 482 801 525 838; x_wconf 90' lang='lat' dir='ltr'>V.</span> <span class='ocrx_word' id='word_1_66' title='bbox 562 799 633 838; x_wconf 82' lang='lat'>151</span> <span class='ocrx_word' id='word_1_67' title='bbox 665 809 748 837; x_wconf 90' lang='lat' dir='ltr'>om.</span> <span class='ocrx_word' id='word_1_68' title='bbox 778 798 811 836; x_wconf 91' lang='lat' dir='ltr'>A</span> <span class='ocrx_word' id='word_1_69' title='bbox 842 797 1123 848; x_wconf 86' lang='lat' dir='ltr'>(quamquam</span> <span class='ocrx_word' id='word_1_70' title='bbox 1153 808 1205 835; x_wconf 88' lang='lat' dir='ltr'>ex</span> <span class='ocrx_word' id='word_1_71' title='bbox 1235 797 1433 836; x_wconf 87' lang='lat' dir='ltr'>lemmate</span> <span class='ocrx_word' id='word_1_72' title='bbox 1456 796 1652 836; x_wconf 85' lang='lat' dir='ltr'>consulto</span> <span class='ocrx_word' id='word_1_73' title='bbox 1674 795 1820 836; x_wconf 87' lang='lat' dir='ltr'>addito</span> <span class='ocrx_word' id='word_1_74' title='bbox 1841 797 2020 847; x_wconf 68' lang='lat' dir='ltr'>apparet</span> 
     </span>
     <span class='ocr_line' id='line_1_11' title="bbox 669 861 2020 913; baseline 0 -10"><span class='ocrx_word' id='word_1_75' title='bbox 669 865 703 903; x_wconf 83' lang='lat' dir='ltr'>A</span> <span class='ocrx_word' id='word_1_76' title='bbox 731 863 784 902; x_wconf 91' lang='lat' dir='ltr'>de</span> <span class='ocrx_word' id='word_1_77' title='bbox 808 861 1062 913; x_wconf 65' lang='lat' dir='ltr'>Maleam-o,</span> <span class='ocrx_word' id='word_1_78' title='bbox 1097 862 1388 912; x_wconf 82' lang='lat' dir='ltr'>praecedentis</span> <span class='ocrx_word' id='word_1_79' title='bbox 1411 862 1732 912; x_wconf 77' lang='lat' dir='ltr'>epigrammatis</span> <span class='ocrx_word' id='word_1_80' title='bbox 1757 863 1900 912; x_wconf 76' lang='lat' dir='ltr'>poeta,</span> <span class='ocrx_word' id='word_1_81' title='bbox 1932 871 2020 903; x_wconf 75' lang='lat' dir='ltr'>non</span> 
     </span>
     <span class='ocr_line' id='line_1_12' title="bbox 669 928 1284 979; baseline -0.003 -10"><span class='ocrx_word' id='word_1_82' title='bbox 669 928 924 979; x_wconf 81' lang='lat' dir='ltr'>dubitasse).</span> <span class='ocrx_word' id='word_1_83' title='bbox 958 928 1157 979; x_wconf 77' lang='lat' dir='ltr'>Meleagri</span> <span class='ocrx_word' id='word_1_84' title='bbox 1188 928 1284 968; x_wconf 88' lang='lat' dir='ltr'>CPl.</span> 
     </span>
    </p>

    <p class='ocr_par' dir='ltr' id='par_1_7' title="bbox 481 993 1177 1045">
     <span class='ocr_line' id='line_1_13' title="bbox 481 993 1177 1045; baseline -0.006 -9"><span class='ocrx_word' id='word_1_85' title='bbox 481 998 526 1036; x_wconf 85' lang='lat' dir='ltr'>V.</span> <span class='ocrx_word' id='word_1_86' title='bbox 559 995 633 1036; x_wconf 82' lang='lat'>221</span> <span class='ocrx_word' id='word_1_87' title='bbox 665 1006 748 1034; x_wconf 90' lang='lat' dir='ltr'>om.</span> <span class='ocrx_word' id='word_1_88' title='bbox 783 995 815 1034; x_wconf 98' lang='lat' dir='ltr'>A</span> <span class='ocrx_word' id='word_1_89' title='bbox 846 994 1051 1045; x_wconf 87' lang='lat' dir='ltr'>Agathiae</span> <span class='ocrx_word' id='word_1_90' title='bbox 1080 993 1177 1034; x_wconf 88' lang='lat' dir='ltr'>CPl.</span> 
     </span>
    </p>

    <p class='ocr_par' dir='ltr' id='par_1_8' title="bbox 479 1058 1206 1101">
     <span class='ocr_line' id='line_1_14' title="bbox 479 1058 1206 1101; baseline -0.004 0"><span class='ocrx_word' id='word_1_91' title='bbox 479 1062 525 1101; x_wconf 95' lang='lat' dir='ltr'>V.</span> <span class='ocrx_word' id='word_1_92' title='bbox 558 1061 638 1101; x_wconf 82' lang='lat'>265</span> <span class='ocrx_word' id='word_1_93' title='bbox 667 1071 750 1099; x_wconf 89' lang='lat' dir='ltr'>om.</span> <span class='ocrx_word' id='word_1_94' title='bbox 784 1060 818 1099; x_wconf 92' lang='lat' dir='ltr'>A</span> <span class='ocrx_word' id='word_1_95' title='bbox 848 1059 968 1099; x_wconf 89' lang='lat' dir='ltr'>Pauli</span> <span class='ocrx_word' id='word_1_96' title='bbox 1001 1058 1075 1098; x_wconf 85' lang='lat' dir='ltr'>Sil.</span> <span class='ocrx_word' id='word_1_97' title='bbox 1108 1058 1206 1099; x_wconf 83' lang='lat' dir='ltr'>CPl.</span> 
     </span>
    </p>

    <p class='ocr_par' dir='ltr' id='par_1_9' title="bbox 458 1124 1171 1166">
     <span class='ocr_line' id='line_1_15' title="bbox 458 1124 1171 1166; baseline -0.004 0"><span class='ocrx_word' id='word_1_98' title='bbox 458 1128 527 1166; x_wconf 88' lang='lat' dir='ltr'>VI.</span> <span class='ocrx_word' id='word_1_99' title='bbox 587 1126 638 1166; x_wconf 87' lang='lat'>85</span> <span class='ocrx_word' id='word_1_100' title='bbox 667 1138 751 1165; x_wconf 91' lang='lat' dir='ltr'>om.</span> <span class='ocrx_word' id='word_1_101' title='bbox 784 1126 818 1164; x_wconf 88' lang='lat' dir='ltr'>A</span> <span class='ocrx_word' id='word_1_102' title='bbox 849 1125 1046 1164; x_wconf 87' lang='lat' dir='ltr'>Palladae</span> <span class='ocrx_word' id='word_1_103' title='bbox 1074 1124 1171 1165; x_wconf 87' lang='lat' dir='ltr'>CPl.</span> 
     </span>
    </p>

    <p class='ocr_par' dir='ltr' id='par_1_10' title="bbox 430 1189 1971 1247">
     <span class='ocr_line' id='line_1_16' title="bbox 430 1189 1971 1247; baseline -0.005 -16"><span class='ocrx_word' id='word_1_104' title='bbox 430 1193 523 1231; x_wconf 92' lang='lat' dir='ltr'><strong>VII.</strong></span> <span class='ocrx_word' id='word_1_105' title='bbox 587 1191 639 1230; x_wconf 83' lang='lat'>43</span> <span class='ocrx_word' id='word_1_106' title='bbox 667 1202 750 1229; x_wconf 90' lang='lat' dir='ltr'>om.</span> <span class='ocrx_word' id='word_1_107' title='bbox 784 1191 817 1229; x_wconf 89' lang='lat' dir='ltr'>A</span> <span class='ocrx_word' id='word_1_108' title='bbox 847 1190 965 1229; x_wconf 91' lang='lat' dir='ltr'>Ionis</span> <span class='ocrx_word' id='word_1_109' title='bbox 995 1189 1093 1229; x_wconf 91' lang='lat' dir='ltr'>CPl.</span> <span class='ocrx_word' id='word_1_110' title='bbox 1964 1239 1971 1247; x_wconf 34' lang='grc' dir='ltr'>ι</span> 
     </span>
    </p>

    <p class='ocr_par' dir='ltr' id='par_1_11' title="bbox 376 1254 2072 1570">
     <span class='ocr_line' id='line_1_17' title="bbox 429 1254 2016 1308; baseline 0 -11"><span class='ocrx_word' id='word_1_111' title='bbox 429 1257 553 1303; x_wconf 89' lang='lat' dir='ltr'>Quod</span> <span class='ocrx_word' id='word_1_112' title='bbox 596 1268 681 1295; x_wconf 89' lang='lat' dir='ltr'>non</span> <span class='ocrx_word' id='word_1_113' title='bbox 725 1267 905 1308; x_wconf 77' lang='lat' dir='ltr'>prorsus</span> <span class='ocrx_word' id='word_1_114' title='bbox 946 1255 1208 1294; x_wconf 81' lang='lat' dir='ltr'>conveniunt</span> <span class='ocrx_word' id='word_1_115' title='bbox 1251 1255 1348 1295; x_wconf 88' lang='lat' dir='ltr'>CPl.</span> <span class='ocrx_word' id='word_1_116' title='bbox 1387 1257 1535 1295; x_wconf 85' lang='lat' dir='ltr'>eontra</span> <span class='ocrx_word' id='word_1_117' title='bbox 1577 1255 1611 1295; x_wconf 88' lang='lat' dir='ltr'>A</span> <span class='ocrx_word' id='word_1_118' title='bbox 1653 1255 1701 1295; x_wconf 85' lang='lat' dir='ltr'>V.</span> <span class='ocrx_word' id='word_1_119' title='bbox 1732 1254 1785 1296; x_wconf 88' lang='grc'>67</span> <span class='ocrx_word' id='word_1_120' title='bbox 1823 1254 1927 1307; x_wconf 81' lang='lat' dir='ltr'>(om.</span> <span class='ocrx_word' id='word_1_121' title='bbox 1957 1255 2016 1307; x_wconf 78' lang='lat' dir='ltr'>A,</span> 
     </span>
     <span class='ocr_line' id='line_1_18' title="bbox 379 1318 2072 1373; baseline -0.001 -10"><span class='ocrx_word' id='word_1_122' title='bbox 379 1321 630 1363; x_wconf 70' lang='grc' dir='ltr'><em>Λουκιλλίου</em></span> <span class='ocrx_word' id='word_1_123' title='bbox 659 1320 700 1361; x_wconf 78' lang='grc' dir='ltr'>οἱ</span> <span class='ocrx_word' id='word_1_124' title='bbox 728 1319 774 1360; x_wconf 78' lang='grc' dir='ltr'>δὲ</span> <span class='ocrx_word' id='word_1_125' title='bbox 803 1318 1066 1372; x_wconf 80' lang='grc' dir='ltr'><em>Πολέμωνος</em></span> <span class='ocrx_word' id='word_1_126' title='bbox 1090 1322 1163 1360; x_wconf 84' lang='grc' dir='ltr'>τοῦ</span> <span class='ocrx_word' id='word_1_127' title='bbox 1193 1318 1404 1360; x_wconf 78' lang='grc' dir='ltr'><em>Ποντικοῦ</em></span> <span class='ocrx_word' id='word_1_128' title='bbox 1430 1320 1486 1371; x_wconf 91' lang='lat' dir='ltr'>C,</span> <span class='ocrx_word' id='word_1_129' title='bbox 1520 1320 1683 1361; x_wconf 81' lang='lat' dir='ltr'>Lucillii</span> <span class='ocrx_word' id='word_1_130' title='bbox 1708 1319 1792 1372; x_wconf 86' lang='lat' dir='ltr'>Pl.)</span> <span class='ocrx_word' id='word_1_131' title='bbox 1816 1330 1868 1361; x_wconf 75' lang='lat' dir='ltr'>eo</span> <span class='ocrx_word' id='word_1_132' title='bbox 1887 1320 2020 1373; x_wconf 70' lang='lat' dir='ltr'>expli·</span> <span class='ocrx_word' id='word_1_133' title='bbox 2067 1346 2072 1347; x_wconf 33' lang='grc' dir='ltr'><em>ν</em></span> 
     </span>
     <span class='ocr_line' id='line_1_19' title="bbox 377 1385 2019 1439; baseline -0.001 -10"><span class='ocrx_word' id='word_1_134' title='bbox 377 1389 561 1429; x_wconf 87' lang='lat' dir='ltr'>candum</span> <span class='ocrx_word' id='word_1_135' title='bbox 600 1387 791 1436; x_wconf 87' lang='lat' dir='ltr'>videtur,</span> <span class='ocrx_word' id='word_1_136' title='bbox 833 1386 949 1436; x_wconf 91' lang='lat' dir='ltr'>quod</span> <span class='ocrx_word' id='word_1_137' title='bbox 989 1386 1204 1426; x_wconf 82' lang='lat' dir='ltr'>Planudes</span> <span class='ocrx_word' id='word_1_138' title='bbox 1241 1386 1423 1426; x_wconf 85' lang='lat' dir='ltr'>alterum</span> <span class='ocrx_word' id='word_1_139' title='bbox 1461 1389 1679 1427; x_wconf 77' lang='lat' dir='ltr'>auctorem</span> <span class='ocrx_word' id='word_1_140' title='bbox 1707 1385 2019 1439; x_wconf 74' lang='lat' dir='ltr'>neglegendum</span> 
     </span>
     <span class='ocr_line' id='line_1_20' title="bbox 376 1449 2017 1504; baseline -0.001 -10"><span class='ocrx_word' id='word_1_141' title='bbox 376 1455 519 1504; x_wconf 87' lang='lat' dir='ltr'>duxit,</span> <span class='ocrx_word' id='word_1_142' title='bbox 552 1454 605 1493; x_wconf 82' lang='lat' dir='ltr'>cf.</span> <span class='ocrx_word' id='word_1_143' title='bbox 630 1453 677 1492; x_wconf 87' lang='lat' dir='ltr'>V.</span> <span class='ocrx_word' id='word_1_144' title='bbox 701 1452 781 1492; x_wconf 84' lang='lat'>208</span> <span class='ocrx_word' id='word_1_145' title='bbox 813 1449 1103 1491; x_wconf 79' lang='grc' dir='ltr'><strong><em>Ποσειδίππου</em></strong></span> <span class='ocrx_word' id='word_1_146' title='bbox 1132 1451 1158 1504; x_wconf 85' lang='grc' dir='ltr'><em>ἢ</em></span> <span class='ocrx_word' id='word_1_147' title='bbox 1182 1450 1495 1504; x_wconf 80' lang='grc' dir='ltr'><em>Ἀσκληπιάὀου</em></span> <span class='ocrx_word' id='word_1_148' title='bbox 1513 1452 1549 1492; x_wconf 79' lang='grc' dir='ltr'><strong>Δ</strong></span> <span class='ocrx_word' id='word_1_149' title='bbox 1569 1451 1640 1503; x_wconf 77' lang='lat' dir='ltr'>(ex</span> <span class='ocrx_word' id='word_1_150' title='bbox 1661 1450 1785 1503; x_wconf 79' lang='lat' dir='ltr'>Sero,</span> <span class='ocrx_word' id='word_1_151' title='bbox 1806 1451 1862 1492; x_wconf 64' lang='grc' dir='ltr'>οἰ.</span> <span class='ocrx_word' id='word_1_152' title='bbox 1882 1450 1912 1503; x_wconf 61' lang='lat' dir='ltr'><strong>fi</strong></span> <span class='ocrx_word' id='word_1_153' title='bbox 1927 1450 2017 1503; x_wconf 64' lang='lat' dir='ltr'>w),</span> 
     </span>
     <span class='ocr_line' id='line_1_21' title="bbox 380 1518 744 1570; baseline -0.005 -11"><span class='ocrx_word' id='word_1_154' title='bbox 380 1519 594 1570; x_wconf 86' lang='lat' dir='ltr'>Posidippi</span> <span class='ocrx_word' id='word_1_155' title='bbox 624 1518 744 1557; x_wconf 89' lang='lat' dir='ltr'>Plan.</span> 
     </span>
    </p>

    <p class='ocr_par' dir='ltr' id='par_1_12' title="bbox 377 1582 2022 1833">
     <span class='ocr_line' id='line_1_22' title="bbox 431 1582 2020 1635; baseline -0.001 -11"><span class='ocrx_word' id='word_1_156' title='bbox 431 1585 554 1624; x_wconf 89' lang='lat' dir='ltr'>Nulla</span> <span class='ocrx_word' id='word_1_157' title='bbox 597 1585 728 1635; x_wconf 86' lang='lat' dir='ltr'>igitur</span> <span class='ocrx_word' id='word_1_158' title='bbox 764 1595 894 1623; x_wconf 87' lang='lat' dir='ltr'>causa</span> <span class='ocrx_word' id='word_1_159' title='bbox 931 1586 1018 1633; x_wconf 88' lang='lat' dir='ltr'>est,</span> <span class='ocrx_word' id='word_1_160' title='bbox 1065 1595 1143 1623; x_wconf 85' lang='lat' dir='ltr'>cur</span> <span class='ocrx_word' id='word_1_161' title='bbox 1181 1583 1444 1624; x_wconf 74' lang='lat' dir='ltr'>correctoris</span> <span class='ocrx_word' id='word_1_162' title='bbox 1482 1583 1643 1623; x_wconf 79' lang='lat' dir='ltr'>notitiis</span> <span class='ocrx_word' id='word_1_163' title='bbox 1679 1583 1808 1624; x_wconf 78' lang='lat' dir='ltr'>fldem</span> <span class='ocrx_word' id='word_1_164' title='bbox 1844 1582 2020 1635; x_wconf 74' lang='lat' dir='ltr'>deroge-</span> 
     </span>
     <span class='ocr_line' id='line_1_23' title="bbox 378 1647 2022 1701; baseline -0.001 -11"><span class='ocrx_word' id='word_1_165' title='bbox 378 1663 496 1701; x_wconf 88' lang='lat' dir='ltr'>mus,</span> <span class='ocrx_word' id='word_1_166' title='bbox 543 1660 646 1690; x_wconf 84' lang='lat' dir='ltr'>cum</span> <span class='ocrx_word' id='word_1_167' title='bbox 684 1660 734 1689; x_wconf 74' lang='lat' dir='ltr'>ez</span> <span class='ocrx_word' id='word_1_168' title='bbox 771 1648 1005 1699; x_wconf 82' lang='lat' dir='ltr'>Planude,</span> <span class='ocrx_word' id='word_1_169' title='bbox 1052 1650 1144 1688; x_wconf 88' lang='lat' dir='ltr'>sive</span> <span class='ocrx_word' id='word_1_170' title='bbox 1180 1649 1248 1689; x_wconf 89' lang='lat' dir='ltr'>hic</span> <span class='ocrx_word' id='word_1_171' title='bbox 1284 1650 1548 1700; x_wconf 81' lang='lat' dir='ltr'>epigramma</span> <span class='ocrx_word' id='word_1_172' title='bbox 1586 1660 1672 1689; x_wconf 89' lang='lat' dir='ltr'>non</span> <span class='ocrx_word' id='word_1_173' title='bbox 1710 1648 1888 1701; x_wconf 77' lang='lat' dir='ltr'>recepit,</span> <span class='ocrx_word' id='word_1_174' title='bbox 1927 1647 2022 1688; x_wconf 78' lang='lat' dir='ltr'>sive</span> 
     </span>
     <span class='ocr_line' id='line_1_24' title="bbox 377 1711 2021 1766; baseline 0 -11"><span class='ocrx_word' id='word_1_175' title='bbox 377 1717 638 1766; x_wconf 84' lang='lat' dir='ltr'>epigramma</span> <span class='ocrx_word' id='word_1_176' title='bbox 668 1715 854 1754; x_wconf 88' lang='lat' dir='ltr'>auctoris</span> <span class='ocrx_word' id='word_1_177' title='bbox 885 1714 1055 1754; x_wconf 89' lang='lat' dir='ltr'>nomine</span> <span class='ocrx_word' id='word_1_178' title='bbox 1083 1715 1297 1754; x_wconf 88' lang='lat' dir='ltr'>instruere</span> <span class='ocrx_word' id='word_1_179' title='bbox 1326 1714 1509 1765; x_wconf 86' lang='lat' dir='ltr'>neglexit</span> <span class='ocrx_word' id='word_1_180' title='bbox 1539 1714 1611 1766; x_wconf 77' lang='lat' dir='ltr'>(cf.</span> <span class='ocrx_word' id='word_1_181' title='bbox 1642 1712 1670 1766; x_wconf 63' lang='grc' dir='ltr'><strong>ξ</strong></span> <span class='ocrx_word' id='word_1_182' title='bbox 1702 1713 1821 1766; x_wconf 82' lang='lat'>10⁷),</span> <span class='ocrx_word' id='word_1_183' title='bbox 1852 1711 2021 1755; x_wconf 59' lang='lat' dir='ltr'>oon&amp;-</span> 
     </span>
     <span class='ocr_line' id='line_1_25' title="bbox 378 1781 788 1833; baseline -0.005 -12"><span class='ocrx_word' id='word_1_184' title='bbox 378 1781 503 1821; x_wconf 84' lang='lat' dir='ltr'>mari</span> <span class='ocrx_word' id='word_1_185' title='bbox 529 1781 788 1833; x_wconf 76' lang='lat' dir='ltr'>nequeunt:</span> 
     </span>
    </p>

    <p class='ocr_par' dir='ltr' id='par_1_13' title="bbox 437 1843 2072 2027">
     <span class='ocr_line' id='line_1_26' title="bbox 437 1843 2072 1898; baseline 0 -12"><span class='ocrx_word' id='word_1_186' title='bbox 437 1847 530 1886; x_wconf 94' lang='lat' dir='ltr'><strong>VII.</strong></span> <span class='ocrx_word' id='word_1_187' title='bbox 590 1846 641 1885; x_wconf 87' lang='grc'>60</span> <span class='ocrx_word' id='word_1_188' title='bbox 670 1857 748 1896; x_wconf 90' lang='lat' dir='ltr'>pro</span> <span class='ocrx_word' id='word_1_189' title='bbox 774 1846 966 1895; x_wconf 90' lang='lat' dir='ltr'>nomine,</span> <span class='ocrx_word' id='word_1_190' title='bbox 994 1846 1109 1895; x_wconf 92' lang='lat' dir='ltr'>quod</span> <span class='ocrx_word' id='word_1_191' title='bbox 1134 1846 1167 1884; x_wconf 87' lang='lat' dir='ltr'>A</span> <span class='ocrx_word' id='word_1_192' title='bbox 1193 1846 1335 1896; x_wconf 86' lang='lat' dir='ltr'>posuit</span> <span class='ocrx_word' id='word_1_193' title='bbox 1360 1846 1393 1886; x_wconf 86' lang='lat' dir='ltr'>C</span> <span class='ocrx_word' id='word_1_194' title='bbox 1416 1857 1498 1885; x_wconf 83' lang='lat' dir='ltr'>scr.</span> <span class='ocrx_word' id='word_1_195' title='bbox 1518 1843 1708 1898; x_wconf 76' lang='grc' dir='ltr'>Σιμμίου</span> <span class='ocrx_word' id='word_1_196' title='bbox 1729 1844 2019 1898; x_wconf 64' lang='lat' dir='ltr'>(Amnon</span> <span class='ocrx_word' id='word_1_197' title='bbox 2068 1892 2072 1894; x_wconf 45' lang='grc'>,</span> 
     </span>
     <span class='ocr_line' id='line_1_27' title="bbox 672 1910 2021 1963; baseline 0 -12"><span class='ocrx_word' id='word_1_198' title='bbox 672 1910 874 1951; x_wconf 88' lang='lat' dir='ltr'>Simmiae</span> <span class='ocrx_word' id='word_1_199' title='bbox 901 1910 1050 1949; x_wconf 87' lang='lat' dir='ltr'>tribuit</span> <span class='ocrx_word' id='word_1_200' title='bbox 1078 1922 1167 1960; x_wconf 86' lang='lat' dir='ltr'>ep.;</span> <span class='ocrx_word' id='word_1_201' title='bbox 1206 1911 1310 1960; x_wconf 91' lang='lat' dir='ltr'>quid</span> <span class='ocrx_word' id='word_1_202' title='bbox 1339 1911 1525 1961; x_wconf 86' lang='lat' dir='ltr'>dederit,</span> <span class='ocrx_word' id='word_1_203' title='bbox 1566 1912 1610 1950; x_wconf 92' lang='lat' dir='ltr'>in</span> <span class='ocrx_word' id='word_1_204' title='bbox 1641 1921 1795 1951; x_wconf 83' lang='lat' dir='ltr'>rasura</span> <span class='ocrx_word' id='word_1_205' title='bbox 1821 1910 2021 1963; x_wconf 68' lang='lat' dir='ltr'>dignosci</span> 
     </span>
     <span class='ocr_line' id='line_1_28' title="bbox 672 1975 1269 2027; baseline -0.002 -11"><span class='ocrx_word' id='word_1_206' title='bbox 672 1975 851 2027; x_wconf 90' lang='lat' dir='ltr'>nequit).</span> <span class='ocrx_word' id='word_1_207' title='bbox 887 1976 1006 2015; x_wconf 88' lang='lat' dir='ltr'>Plan.</span> <span class='ocrx_word' id='word_1_208' title='bbox 1040 1987 1153 2015; x_wconf 90' lang='lat' dir='ltr'>nom.</span> <span class='ocrx_word' id='word_1_209' title='bbox 1185 1988 1269 2015; x_wconf 87' lang='lat' dir='ltr'>om.</span> 
     </span>
    </p>

    <p class='ocr_par' dir='ltr' id='par_1_14' title="bbox 459 2040 1574 2083">
     <span class='ocr_line' id='line_1_29' title="bbox 459 2040 1574 2083; baseline -0.002 0"><span class='ocrx_word' id='word_1_210' title='bbox 459 2044 527 2083; x_wconf 88' lang='lat' dir='ltr'>VI.</span> <span class='ocrx_word' id='word_1_211' title='bbox 587 2043 638 2082; x_wconf 87' lang='grc'>42</span> <span class='ocrx_word' id='word_1_212' title='bbox 666 2054 749 2081; x_wconf 92' lang='lat' dir='ltr'>om.</span> <span class='ocrx_word' id='word_1_213' title='bbox 782 2042 816 2081; x_wconf 90' lang='lat' dir='ltr'>A</span> <span class='ocrx_word' id='word_1_214' title='bbox 846 2040 1081 2082; x_wconf 77' lang='grc' dir='ltr'><em>ἀδέσποτον</em></span> <span class='ocrx_word' id='word_1_215' title='bbox 1109 2042 1156 2082; x_wconf 82' lang='lat' dir='ltr'>O.</span> <span class='ocrx_word' id='word_1_216' title='bbox 1191 2042 1310 2081; x_wconf 87' lang='lat' dir='ltr'>Plan.</span> <span class='ocrx_word' id='word_1_217' title='bbox 1345 2054 1458 2081; x_wconf 91' lang='lat' dir='ltr'>nom.</span> <span class='ocrx_word' id='word_1_218' title='bbox 1490 2054 1574 2082; x_wconf 91' lang='lat' dir='ltr'>om.</span> 
     </span>
    </p>

    <p class='ocr_par' dir='ltr' id='par_1_15' title="bbox 484 2106 2021 2289">
     <span class='ocr_line' id='line_1_30' title="bbox 484 2106 2016 2159; baseline 0.001 -12"><span class='ocrx_word' id='word_1_219' title='bbox 484 2110 531 2147; x_wconf 91' lang='lat' dir='ltr'>V.</span> <span class='ocrx_word' id='word_1_220' title='bbox 593 2109 642 2148; x_wconf 89' lang='grc'>72</span> <span class='ocrx_word' id='word_1_221' title='bbox 670 2120 753 2147; x_wconf 91' lang='lat' dir='ltr'>om.</span> <span class='ocrx_word' id='word_1_222' title='bbox 786 2108 819 2147; x_wconf 89' lang='lat' dir='ltr'>A</span> <span class='ocrx_word' id='word_1_223' title='bbox 850 2108 995 2147; x_wconf 83' lang='lat' dir='ltr'>Rufini</span> <span class='ocrx_word' id='word_1_224' title='bbox 1034 2107 1067 2147; x_wconf 88' lang='lat' dir='ltr'>C</span> <span class='ocrx_word' id='word_1_225' title='bbox 1108 2107 1250 2158; x_wconf 86' lang='lat' dir='ltr'>(cuius</span> <span class='ocrx_word' id='word_1_226' title='bbox 1288 2119 1442 2147; x_wconf 89' lang='lat' dir='ltr'>nomen</span> <span class='ocrx_word' id='word_1_227' title='bbox 1484 2108 1516 2147; x_wconf 93' lang='lat' dir='ltr'>L</span> <span class='ocrx_word' id='word_1_228' title='bbox 1552 2108 1639 2148; x_wconf 90' lang='lat' dir='ltr'>iam</span> <span class='ocrx_word' id='word_1_229' title='bbox 1676 2106 1820 2158; x_wconf 75' lang='lat' dir='ltr'>posuit</span> <span class='ocrx_word' id='word_1_230' title='bbox 1856 2106 1913 2148; x_wconf 82' lang='lat' dir='ltr'>ad</span> <span class='ocrx_word' id='word_1_231' title='bbox 1946 2117 2016 2159; x_wconf 78' lang='lat' dir='ltr'>ep.</span> 
     </span>
     <span class='ocr_line' id='line_1_31' title="bbox 672 2171 2021 2224; baseline 0.001 -12"><span class='ocrx_word' id='word_1_232' title='bbox 672 2185 782 2213; x_wconf 85' lang='lat' dir='ltr'>vers.</span> <span class='ocrx_word' id='word_1_233' title='bbox 825 2173 872 2223; x_wconf 89' lang='lat'>6,</span> <span class='ocrx_word' id='word_1_234' title='bbox 914 2173 987 2223; x_wconf 93' lang='lat' dir='ltr'>qui</span> <span class='ocrx_word' id='word_1_235' title='bbox 1022 2176 1087 2212; x_wconf 89' lang='lat' dir='ltr'>est</span> <span class='ocrx_word' id='word_1_236' title='bbox 1123 2174 1289 2223; x_wconf 88' lang='lat' dir='ltr'>primus</span> <span class='ocrx_word' id='word_1_237' title='bbox 1317 2173 1360 2212; x_wconf 92' lang='lat' dir='ltr'>in</span> <span class='ocrx_word' id='word_1_238' title='bbox 1391 2185 1502 2213; x_wconf 89' lang='lat' dir='ltr'>nova</span> <span class='ocrx_word' id='word_1_239' title='bbox 1531 2172 1624 2213; x_wconf 85' lang='lat' dir='ltr'>eod.</span> <span class='ocrx_word' id='word_1_240' title='bbox 1656 2171 1849 2224; x_wconf 79' lang='lat' dir='ltr'>pagina).</span> <span class='ocrx_word' id='word_1_241' title='bbox 1893 2171 2021 2214; x_wconf 64' lang='lat' dir='ltr'>neat</span> 
     </span>
     <span class='ocr_line' id='line_1_32' title="bbox 671 2239 991 2289; baseline -0.003 -11"><span class='ocrx_word' id='word_1_242' title='bbox 671 2251 736 2289; x_wconf 90' lang='lat' dir='ltr'>ep.</span> <span class='ocrx_word' id='word_1_243' title='bbox 770 2251 837 2289; x_wconf 87' lang='lat' dir='ltr'>ap.</span> <span class='ocrx_word' id='word_1_244' title='bbox 872 2239 991 2278; x_wconf 91' lang='lat' dir='ltr'>Plan.</span> 
     </span>
    </p>

    <p class='ocr_par' dir='ltr' id='par_1_16' title="bbox 484 2302 1592 2356">
     <span class='ocr_line' id='line_1_33' title="bbox 484 2302 1592 2356; baseline 0.001 -13"><span class='ocrx_word' id='word_1_245' title='bbox 484 2305 530 2343; x_wconf 92' lang='lat' dir='ltr'>V.</span> <span class='ocrx_word' id='word_1_246' title='bbox 564 2304 642 2343; x_wconf 85' lang='lat'>302</span> <span class='ocrx_word' id='word_1_247' title='bbox 671 2316 754 2343; x_wconf 89' lang='lat' dir='ltr'>om.</span> <span class='ocrx_word' id='word_1_248' title='bbox 787 2305 820 2343; x_wconf 89' lang='lat' dir='ltr'>A</span> <span class='ocrx_word' id='word_1_249' title='bbox 849 2302 1009 2356; x_wconf 79' lang='grc' dir='ltr'><em>ἄδηλον</em></span> <span class='ocrx_word' id='word_1_250' title='bbox 1039 2305 1084 2344; x_wconf 86' lang='lat' dir='ltr'>C.</span> <span class='ocrx_word' id='word_1_251' title='bbox 1121 2305 1244 2344; x_wconf 85' lang='lat' dir='ltr'>Deest</span> <span class='ocrx_word' id='word_1_252' title='bbox 1272 2316 1338 2355; x_wconf 92' lang='lat' dir='ltr'>ep.</span> <span class='ocrx_word' id='word_1_253' title='bbox 1371 2316 1439 2355; x_wconf 87' lang='lat' dir='ltr'>ap.</span> <span class='ocrx_word' id='word_1_254' title='bbox 1473 2305 1592 2344; x_wconf 89' lang='lat' dir='ltr'>Plan.</span> 
     </span>
    </p>

    <p class='ocr_par' dir='ltr' id='par_1_17' title="bbox 484 2369 2015 2485">
     <span class='ocr_line' id='line_1_34' title="bbox 484 2369 2015 2420; baseline 0 -12"><span class='ocrx_word' id='word_1_255' title='bbox 484 2371 531 2408; x_wconf 89' lang='lat' dir='ltr'>V.</span> <span class='ocrx_word' id='word_1_256' title='bbox 564 2369 642 2409; x_wconf 84' lang='lat'>308</span> <span class='ocrx_word' id='word_1_257' title='bbox 669 2381 753 2408; x_wconf 90' lang='lat' dir='ltr'>om.</span> <span class='ocrx_word' id='word_1_258' title='bbox 786 2370 819 2408; x_wconf 87' lang='lat' dir='ltr'>A</span> <span class='ocrx_word' id='word_1_259' title='bbox 851 2369 1085 2419; x_wconf 89' lang='lat' dir='ltr'>Diophanis</span> <span class='ocrx_word' id='word_1_260' title='bbox 1102 2370 1310 2420; x_wconf 84' lang='lat' dir='ltr'>Myrinaei</span> <span class='ocrx_word' id='word_1_261' title='bbox 1325 2370 1358 2410; x_wconf 86' lang='lat' dir='ltr'>C</span> <span class='ocrx_word' id='word_1_262' title='bbox 1375 2369 1518 2420; x_wconf 86' lang='lat' dir='ltr'>(cuius</span> <span class='ocrx_word' id='word_1_263' title='bbox 1538 2371 1687 2420; x_wconf 85' lang='lat' dir='ltr'>poetae</span> <span class='ocrx_word' id='word_1_264' title='bbox 1704 2378 2015 2420; x_wconf 75' lang='lat' dir='ltr'>nomenasegre,</span> 
     </span>
     <span class='ocr_line' id='line_1_35' title="bbox 670 2434 1657 2485; baseline 0.001 -12"><span class='ocrx_word' id='word_1_265' title='bbox 670 2435 835 2484; x_wconf 84' lang='lat' dir='ltr'>opinor,</span> <span class='ocrx_word' id='word_1_266' title='bbox 867 2434 1150 2485; x_wconf 86' lang='lat' dir='ltr'>excogitarit).</span> <span class='ocrx_word' id='word_1_267' title='bbox 1183 2435 1309 2474; x_wconf 84' lang='lat' dir='ltr'>Deest</span> <span class='ocrx_word' id='word_1_268' title='bbox 1337 2446 1403 2485; x_wconf 89' lang='lat' dir='ltr'>ep.</span> <span class='ocrx_word' id='word_1_269' title='bbox 1435 2446 1503 2485; x_wconf 87' lang='lat' dir='ltr'>ap.</span> <span class='ocrx_word' id='word_1_270' title='bbox 1538 2435 1657 2474; x_wconf 89' lang='lat' dir='ltr'>Plan.</span> 
     </span>
    </p>

    <p class='ocr_par' dir='ltr' id='par_1_18' title="bbox 458 2498 2019 2616">
     <span class='ocr_line' id='line_1_36' title="bbox 458 2498 2019 2551; baseline 0.001 -13"><span class='ocrx_word' id='word_1_271' title='bbox 458 2501 527 2539; x_wconf 91' lang='lat' dir='ltr'>VI.</span> <span class='ocrx_word' id='word_1_272' title='bbox 590 2500 638 2539; x_wconf 84' lang='lat'>75</span> <span class='ocrx_word' id='word_1_273' title='bbox 673 2503 712 2539; x_wconf 91' lang='lat' dir='ltr'>et</span> <span class='ocrx_word' id='word_1_274' title='bbox 740 2500 815 2539; x_wconf 88' lang='lat'>168</span> <span class='ocrx_word' id='word_1_275' title='bbox 839 2512 922 2539; x_wconf 89' lang='lat' dir='ltr'>om.</span> <span class='ocrx_word' id='word_1_276' title='bbox 950 2500 982 2538; x_wconf 91' lang='lat' dir='ltr'>A</span> <span class='ocrx_word' id='word_1_277' title='bbox 1007 2500 1127 2539; x_wconf 91' lang='lat' dir='ltr'>Pauli</span> <span class='ocrx_word' id='word_1_278' title='bbox 1151 2500 1183 2540; x_wconf 89' lang='lat' dir='ltr'>C</span> <span class='ocrx_word' id='word_1_279' title='bbox 1207 2500 1269 2551; x_wconf 90' lang='lat' dir='ltr'>(in</span> <span class='ocrx_word' id='word_1_280' title='bbox 1287 2501 1528 2551; x_wconf 79' lang='lat' dir='ltr'>fragmento</span> <span class='ocrx_word' id='word_1_281' title='bbox 1548 2498 1822 2551; x_wconf 81' lang='lat' dir='ltr'>Agathiano).</span> <span class='ocrx_word' id='word_1_282' title='bbox 1854 2499 2019 2540; x_wconf 69' lang='lat' dir='ltr'>Doeunt</span> 
     </span>
     <span class='ocr_line' id='line_1_37' title="bbox 669 2557 1815 2616; baseline 0.001 -12"><span class='ocrx_word' id='word_1_283' title='bbox 669 2577 763 2615; x_wconf 87' lang='lat' dir='ltr'>epp.</span> <span class='ocrx_word' id='word_1_284' title='bbox 797 2577 863 2616; x_wconf 87' lang='lat' dir='ltr'>ap.</span> <span class='ocrx_word' id='word_1_285' title='bbox 900 2565 1018 2605; x_wconf 86' lang='lat' dir='ltr'>Plan.</span> <span class='ocrx_word' id='word_1_286' title='bbox 1809 2557 1815 2562; x_wconf 52' lang='lat'><strong>⁹</strong></span> 
     </span>
    </p>

    <p class='ocr_par' dir='ltr' id='par_1_19' title="bbox 459 2627 2072 2682">
     <span class='ocr_line' id='line_1_38' title="bbox 459 2630 2014 2682; baseline 0.002 -14"><span class='ocrx_word' id='word_1_287' title='bbox 459 2630 528 2668; x_wconf 91' lang='lat' dir='ltr'>VI.</span> <span class='ocrx_word' id='word_1_288' title='bbox 587 2630 639 2669; x_wconf 88' lang='grc'>96</span> <span class='ocrx_word' id='word_1_289' title='bbox 666 2642 748 2669; x_wconf 91' lang='lat' dir='ltr'>om.</span> <span class='ocrx_word' id='word_1_290' title='bbox 782 2633 815 2669; x_wconf 90' lang='lat' dir='ltr'>A</span> <span class='ocrx_word' id='word_1_291' title='bbox 846 2631 988 2681; x_wconf 86' lang='lat' dir='ltr'>Erycii</span> <span class='ocrx_word' id='word_1_292' title='bbox 1019 2631 1051 2671; x_wconf 90' lang='lat' dir='ltr'>C</span> <span class='ocrx_word' id='word_1_293' title='bbox 1082 2631 1144 2682; x_wconf 92' lang='lat' dir='ltr'>(in</span> <span class='ocrx_word' id='word_1_294' title='bbox 1174 2632 1227 2671; x_wconf 78' lang='lat' dir='ltr'>fr.</span> <span class='ocrx_word' id='word_1_295' title='bbox 1262 2631 1515 2682; x_wconf 89' lang='lat' dir='ltr'>Philippeo).</span> <span class='ocrx_word' id='word_1_296' title='bbox 1549 2632 1675 2671; x_wconf 84' lang='lat' dir='ltr'>Deest</span> <span class='ocrx_word' id='word_1_297' title='bbox 1701 2642 1768 2682; x_wconf 88' lang='lat' dir='ltr'>ep.</span> <span class='ocrx_word' id='word_1_298' title='bbox 1794 2642 1864 2682; x_wconf 89' lang='lat' dir='ltr'>ap.</span> <span class='ocrx_word' id='word_1_299' title='bbox 1892 2630 2014 2671; x_wconf 81' lang='lat' dir='ltr'>Plan.</span> 
     </span>
    </p>

    <p class='ocr_par' dir='ltr' id='par_1_20' title="bbox 459 2692 2072 2813">
     <span class='ocr_line' id='line_1_39' title="bbox 459 2695 2014 2747; baseline 0.002 -14"><span class='ocrx_word' id='word_1_300' title='bbox 459 2695 528 2733; x_wconf 89' lang='lat' dir='ltr'>VI.</span> <span class='ocrx_word' id='word_1_301' title='bbox 566 2695 639 2734; x_wconf 88' lang='grc'>137</span> <span class='ocrx_word' id='word_1_302' title='bbox 668 2707 750 2734; x_wconf 91' lang='lat' dir='ltr'>om.</span> <span class='ocrx_word' id='word_1_303' title='bbox 784 2696 816 2734; x_wconf 93' lang='lat' dir='ltr'>A</span> <span class='ocrx_word' id='word_1_304' title='bbox 846 2697 1125 2735; x_wconf 81' lang='lat' dir='ltr'>Anacreontis</span> <span class='ocrx_word' id='word_1_305' title='bbox 1154 2697 1187 2736; x_wconf 89' lang='lat' dir='ltr'>C</span> <span class='ocrx_word' id='word_1_306' title='bbox 1218 2696 1280 2747; x_wconf 91' lang='lat' dir='ltr'>(in</span> <span class='ocrx_word' id='word_1_307' title='bbox 1310 2697 1420 2736; x_wconf 87' lang='lat' dir='ltr'>serie</span> <span class='ocrx_word' id='word_1_308' title='bbox 1446 2695 1771 2747; x_wconf 86' lang='lat' dir='ltr'>Anacreontea).</span> <span class='ocrx_word' id='word_1_309' title='bbox 1803 2697 2014 2747; x_wconf 81' lang='lat' dir='ltr'>Deestep.</span> 
     </span>
     <span class='ocr_line' id='line_1_40' title="bbox 671 2759 2072 2813; baseline 0.001 -14"><span class='ocrx_word' id='word_1_310' title='bbox 671 2773 738 2811; x_wconf 89' lang='lat' dir='ltr'>ap.</span> <span class='ocrx_word' id='word_1_311' title='bbox 771 2761 889 2800; x_wconf 86' lang='lat' dir='ltr'>Plan.</span> <span class='ocrx_word' id='word_1_312' title='bbox 939 2810 942 2813; x_wconf 16' lang='grc' dir='ltr'><strong>ῃ</strong></span> <span class='ocrx_word' id='word_1_313' title='bbox 2062 2759 2072 2782; x_wconf 69' lang='grc'>’“··</span> 
     </span>
    </p>

    <p class='ocr_par' dir='ltr' id='par_1_21' title="bbox 459 2825 1606 2878">
     <span class='ocr_line' id='line_1_41' title="bbox 459 2825 1606 2878; baseline 0.003 -14"><span class='ocrx_word' id='word_1_314' title='bbox 459 2825 528 2864; x_wconf 90' lang='lat' dir='ltr'>VI.</span> <span class='ocrx_word' id='word_1_315' title='bbox 565 2826 639 2865; x_wconf 89' lang='grc'>192</span> <span class='ocrx_word' id='word_1_316' title='bbox 667 2838 750 2865; x_wconf 90' lang='lat' dir='ltr'>om.</span> <span class='ocrx_word' id='word_1_317' title='bbox 783 2827 817 2865; x_wconf 92' lang='lat' dir='ltr'>A</span> <span class='ocrx_word' id='word_1_318' title='bbox 846 2828 1024 2867; x_wconf 80' lang='lat' dir='ltr'>Archiae</span> <span class='ocrx_word' id='word_1_319' title='bbox 1053 2828 1099 2868; x_wconf 90' lang='lat' dir='ltr'>C.</span> <span class='ocrx_word' id='word_1_320' title='bbox 1135 2829 1258 2867; x_wconf 86' lang='lat' dir='ltr'>Deest</span> <span class='ocrx_word' id='word_1_321' title='bbox 1286 2840 1351 2878; x_wconf 92' lang='lat' dir='ltr'>ep.</span> <span class='ocrx_word' id='word_1_322' title='bbox 1385 2840 1453 2878; x_wconf 90' lang='lat' dir='ltr'>ap.</span> <span class='ocrx_word' id='word_1_323' title='bbox 1487 2828 1606 2868; x_wconf 88' lang='lat' dir='ltr'>Plan.</span> 
     </span>
    </p>

    <p class='ocr_par' dir='ltr' id='par_1_22' title="bbox 434 2890 1624 2933">
     <span class='ocr_line' id='line_1_42' title="bbox 434 2890 1624 2933; baseline 0.003 -5"><span class='ocrx_word' id='word_1_324' title='bbox 434 2890 526 2929; x_wconf 90' lang='lat' dir='ltr'><strong>VII.</strong></span> <span class='ocrx_word' id='word_1_325' title='bbox 587 2891 637 2929; x_wconf 82' lang='lat'>54</span> <span class='ocrx_word' id='word_1_326' title='bbox 667 2903 749 2930; x_wconf 91' lang='lat' dir='ltr'>om.</span> <span class='ocrx_word' id='word_1_327' title='bbox 784 2892 817 2930; x_wconf 91' lang='lat' dir='ltr'>A</span> <span class='ocrx_word' id='word_1_328' title='bbox 847 2893 1088 2932; x_wconf 87' lang='lat' dir='ltr'>Mnasalcae</span> <span class='ocrx_word' id='word_1_329' title='bbox 1117 2893 1162 2933; x_wconf 88' lang='lat' dir='ltr'>C.</span> <span class='ocrx_word' id='word_1_330' title='bbox 1197 2893 1358 2932; x_wconf 90' lang='lat' dir='ltr'>Nomen</span> <span class='ocrx_word' id='word_1_331' title='bbox 1387 2905 1471 2932; x_wconf 91' lang='lat' dir='ltr'>om.</span> <span class='ocrx_word' id='word_1_332' title='bbox 1505 2893 1624 2932; x_wconf 89' lang='lat' dir='ltr'>Plan.</span> 
     </span>
    </p>

    <p class='ocr_par' dir='ltr' id='par_1_23' title="bbox 434 2954 2016 3008">
     <span class='ocr_line' id='line_1_43' title="bbox 434 2954 2016 3008; baseline 0.002 -14"><span class='ocrx_word' id='word_1_333' title='bbox 434 2954 623 2995; x_wconf 73' lang='lat' dir='ltr'>Erravit</span> <span class='ocrx_word' id='word_1_334' title='bbox 651 2959 792 2995; x_wconf 86' lang='lat' dir='ltr'>autem</span> <span class='ocrx_word' id='word_1_335' title='bbox 823 2958 1048 2997; x_wconf 85' lang='lat' dir='ltr'>manifesto</span> <span class='ocrx_word' id='word_1_336' title='bbox 1077 2958 1124 3007; x_wconf 89' lang='lat' dir='ltr'>C,</span> <span class='ocrx_word' id='word_1_337' title='bbox 1157 2970 1254 2998; x_wconf 88' lang='lat' dir='ltr'>cum</span> <span class='ocrx_word' id='word_1_338' title='bbox 1284 2961 1380 3008; x_wconf 89' lang='lat' dir='ltr'>post</span> <span class='ocrx_word' id='word_1_339' title='bbox 1403 2960 1533 2997; x_wconf 87' lang='lat' dir='ltr'>totam</span> <span class='ocrx_word' id='word_1_340' title='bbox 1563 2958 1765 3008; x_wconf 86' lang='lat' dir='ltr'>paginam</span> <span class='ocrx_word' id='word_1_341' title='bbox 1790 2956 1906 3008; x_wconf 91' lang='grc'><strong>(166)</strong></span> <span class='ocrx_word' id='word_1_342' title='bbox 1929 2956 2016 3007; x_wconf 81' lang='lat' dir='ltr'>epi-</span> 
     </span>
    </p>

    <p class='ocr_par' dir='ltr' id='par_1_24' title="bbox 380 3021 2012 3145">
     <span class='ocr_line' id='line_1_44' title="bbox 380 3021 2012 3074; baseline 0.002 -17"><span class='ocrx_word' id='word_1_343' title='bbox 380 3023 664 3068; x_wconf 83' lang='lat' dir='ltr'>grammatum</span> <span class='ocrx_word' id='word_1_344' title='bbox 708 3022 984 3061; x_wconf 81' lang='lat' dir='ltr'>Anacreontis</span> <span class='ocrx_word' id='word_1_345' title='bbox 1023 3023 1220 3062; x_wconf 88' lang='lat' dir='ltr'>ultimum</span> <span class='ocrx_word' id='word_1_346' title='bbox 1259 3035 1324 3074; x_wconf 91' lang='lat' dir='ltr'>ep.</span> <span class='ocrx_word' id='word_1_347' title='bbox 1366 3024 1427 3074; x_wconf 89' lang='lat' dir='ltr'>(in</span> <span class='ocrx_word' id='word_1_348' title='bbox 1470 3021 1762 3074; x_wconf 77' lang='lat' dir='ltr'>Sophocleml)</span> <span class='ocrx_word' id='word_1_349' title='bbox 1801 3022 1873 3061; x_wconf 86' lang='lat' dir='ltr'>VI.</span> <span class='ocrx_word' id='word_1_350' title='bbox 1914 3021 2012 3071; x_wconf 82' lang='lat'>145,</span> 
     </span>
     <span class='ocr_line' id='line_1_45' title="bbox 380 3085 2012 3145; baseline 0.003 -23"><span class='ocrx_word' id='word_1_351' title='bbox 380 3085 493 3133; x_wconf 88' lang='lat' dir='ltr'>quod</span> <span class='ocrx_word' id='word_1_352' title='bbox 532 3089 742 3125; x_wconf 83' lang='lat' dir='ltr'>extremas</span> <span class='ocrx_word' id='word_1_353' title='bbox 782 3088 962 3137; x_wconf 85' lang='lat' dir='ltr'>paginae</span> <span class='ocrx_word' id='word_1_354' title='bbox 996 3089 1128 3128; x_wconf 87' lang='lat' dir='ltr'>lineas</span> <span class='ocrx_word' id='word_1_355' title='bbox 1157 3090 1391 3140; x_wconf 85' lang='lat' dir='ltr'>occupabat</span> <span class='ocrx_word' id='word_1_356' title='bbox 1419 3091 1460 3128; x_wconf 89' lang='lat' dir='ltr'>et</span> <span class='ocrx_word' id='word_1_357' title='bbox 1488 3089 1543 3128; x_wconf 89' lang='lat' dir='ltr'>ab</span> <span class='ocrx_word' id='word_1_358' title='bbox 1572 3090 1604 3128; x_wconf 88' lang='lat' dir='ltr'>A</span> <span class='ocrx_word' id='word_1_359' title='bbox 1634 3088 1870 3145; x_wconf 67' lang='lat' dir='ltr'>neglectpm</span> <span class='ocrx_word' id='word_1_360' title='bbox 1897 3089 2012 3139; x_wconf 83' lang='lat' dir='ltr'>erat,</span> 
     </span>
    </p>
   </div>
  </div>
 </body>
</html>
