2072 3568
409 213 509 262 cap.
544 211 633 260 111,
666 211 703 250 9.
1187 211 1261 250 106

781 336 818 375 5.
852 334 986 389 ἐπέχει
1006 366 1016 386 ,
1052 336 1087 375 7.
1121 337 1330 386 τοιοῦτον,
1366 336 1427 376 10.
1462 333 1645 389 ιῖΙήόους

779 402 816 440 5.
850 399 1015 453 ἐφέπει,
1050 402 1085 441 7.
1119 399 1289 440 κάλλιον
1317 431 1328 451 ,
1364 401 1424 441 10.
1461 399 1632 454 Mrjdm

408 467 685 516 praebuisset.
726 467 869 506 Talem
899 467 1079 506 formam
1109 466 1325 517 quondam
1354 468 1546 507 extitisse
1571 468 1799 509 confirmat
1825 469 2047 521 inscriptio

410 531 525 571 Kaib.
559 532 635 571 844
669 532 796 582 (cm.
829 533 903 583 85,
937 533 1041 573 CIA.
1073 532 1130 573 11.
1160 534 1260 583 555,
1295 532 1455 572 Hoiim.
1489 532 1586 583 352)
1616 533 1719 574 anni
1746 533 1870 586 376Ιὸ
1898 533 2046 576 Chari-

406 598 564 637 sandro
592 598 795 637 archonte
822 597 950 648 lapidi
980 598 1204 648 mandata,
1237 609 1366 648 quam
1388 598 1517 637 huius
1537 598 1859 650 epigrammatis
1877 598 2046 640 imitati·

405 674 527 701 onem
549 663 764 703 continere
783 663 1034 703 iamdudum
1054 663 1450 704 animadverterunt
1471 663 1549 703 viri
1569 664 1680 704 docti
1698 663 1771 716 (cl.
1791 663 1819 717 ἕ
1838 663 1959 716 122,2
1974 663 2044 717 b):

565 727 620 774 ἐξ
647 724 708 767 οὗ
740 725 943 779 Κέκροπα
972 726 1074 773 λαός
1096 727 1339 781 Ἀθηναίων
1367 726 1605 781 ὀνομάζ[ει]

565 792 651 833 καὶ
680 792 828 846 χώραν
857 790 1031 838 Παλλὰς
1059 792 1174 846 τήνό’
1198 793 1330 834 ἔκτισε
1359 792 1488 847 ὸήμῳ
1510 792 1772 847 Ἂ(θηνῶν),

565 857 748 903 obesae,-
776 856 993 910 Σωσιβίου
1022 858 1093 899 καὶ
1123 857 1318 911 ΙΙύρρ[α]
1348 857 1615 912 μεί[ζ]ονα
1645 857 1896 914 θ[ν]ητ[ῶν]

670 923 810 978 φυλὴν
838 922 1123 977 Κεκροπιόῶν
1150 925 1265 978 ἔργῳ
1292 923 1444 977 ἔόρασε
1472 923 1631 977 ἀγαθά.

405 990 733 1040 Comparativus
774 989 947 1043 μείζονα
990 993 1132 1031 monet
1174 994 1390 1031 auctorem
1433 991 1563 1031 huius
1605 990 1809 1032 carminis
1850 1002 1939 1032 non
1980 1002 2044 1032 re-

404 1056 596 1106 spexisse
616 1068 788 1096 versum
809 1057 981 1096 tertium
1001 1057 1163 1096 formae
1183 1057 1405 1107 Ephoreae
1423 1054 1551 1097 οὖόέν
1568 1070 1641 1097 πω
1664 1057 1915 1098 τοιοῦτον
1935 1054 2041 1108 xri„

404 1122 477 1161 sed
507 1122 668 1161 formae
697 1122 1055 1162 reconstruendae
1083 1119 1210 1162 οὗόἑν
1237 1136 1309 1162 πω
1337 1120 1564 1162 κάλλιον
1591 1120 1677 1162 κτλ.
1709 1122 1836 1163 Hanc
1861 1121 2045 1164 formam

404 1188 472 1227 illa
510 1199 604 1227 esse
642 1188 916 1227 recentiorem
952 1199 1159 1238 apparere
1187 1188 1288 1226 mihi
1319 1188 1488 1227 videtur
1515 1199 1568 1227 ex
1595 1187 1824 1228 lectionum
1850 1187 2045 1239 ipsarum

405 1253 579 1291 ratione.
627 1252 710 1292 Pro
743 1251 873 1305 Ἄρης
913 1250 1069 1297 πόλεας
1106 1251 1278 1305 θνητῶν
1314 1251 1523 1304 ἔφὲπει,
1565 1253 1737 1304 opinor,
1782 1263 1869 1293 non
1905 1252 2045 1305 magis

403 1318 631 1368 quisquam
662 1316 840 1371 ἐπέχει
870 1318 1111 1368 scripsisset
1139 1330 1268 1369 quam
1298 1317 1424 1359 οὐδὲν
1452 1321 1702 1359 τοιοῦτον
1729 1317 1856 1371 ἔργον
1882 1317 2045 1371 ἐγένετο

404 1395 481 1433 pro
510 1381 635 1422 οὐδὲν
663 1381 886 1423 κάλλιον
914 1382 999 1423 κτλ.
1034 1384 1098 1423 Ex
1122 1382 1258 1437 ἐπέχει
1277 1387 1318 1424 et
1337 1386 1546 1430 τοιοῦτον,
1574 1383 1826 1424 lectionibus
1844 1383 2044 1435 simpliei-

402 1449 572 1499 oribus,
605 1449 735 1500 igitur
764 1452 889 1489 natae
917 1452 1019 1489 sunt
1048 1448 1193 1502 ἐφέπει
1210 1449 1263 1501 ³¹³)
1294 1453 1334 1490 et
1362 1448 1545 1490 κάλλιον.
1579 1450 1777 1490 Formam
1801 1448 2043 1501 Ephorum

402 1514 532 1564 igitur
570 1515 776 1566 insignire
812 1526 1046 1566 possumus
1084 1517 1183 1555 nota
1221 1516 1288 1565 A',
1330 1516 1510 1555 formam
1550 1514 1929 1556 reconstruendam
1964 1512 2040 1566 A‘,

403 1580 653 1619 Aristideam
684 1580 759 1631 A’,
796 1580 991 1632 Sylloges
1023 1580 1292 1621 Simonideae
1318 1581 1589 1620 traditionem
1620 1579 1665 1621 S.
1941 1584 1946 1586 ’

456 1645 579 1691 Quod
617 1646 747 1685 huius
784 1646 1103 1697 epigrammatis
1142 1646 1349 1686 recentior
1382 1646 1519 1686 forma
1547 1645 1651 1686 oriri
1680 1645 1839 1696 potuit,
1878 1644 1923 1686 id
1949 1646 2043 1686 hn-

402 1713 492 1750 tum
522 1711 722 1761 explicari
752 1714 911 1762 potest,
945 1712 981 1750 si
1010 1712 1272 1762 epigramma
1302 1723 1508 1761 perquam
1538 1711 1620 1751 tuit
1647 1710 1823 1751 celebre.
1857 1709 2044 1751 Imitatio

402 1777 671 1816 Atheniensis
708 1777 750 1816 id
787 1778 870 1816 iam
900 1778 1177 1817 demonstrat.
1220 1777 1443 1817 Praeterea
1481 1777 1560 1816 hoc
1588 1787 1758 1817 carmen
1787 1775 2042 1816 imitandum

403 1842 586 1892 sumpsit
626 1842 687 1892 (in
725 1843 862 1882 forma
901 1842 973 1893 A')
1013 1846 1161 1883 auctor
1197 1843 1400 1883 carminis
1438 1842 1611 1892 Graeci,
1652 1841 1769 1892 quod
1804 1841 1961 1893 legitur
1996 1840 2042 1881 in

402 1907 671 1947 celeberrima
711 1907 918 1948 Columna
958 1909 1141 1948 Xanthia
1179 1909 1364 1948 medium
1403 1909 1514 1947 inter
1550 1907 1851 1958 inscriptiones
1889 1906 2043 1959 Lydas

404 1972 475 2023 (cf.
508 1973 619 2013 infra
649 1975 689 2012 et
720 1972 745 2025 ἓ
779 1973 877 2023 122„
911 1972 1002 2023 2a).
1045 1974 1115 2014 Sic
1143 1974 1420 2024 perspicitur,
1463 1973 1567 2024 quid
1596 1973 1871 2014 collectorem
1898 1982 2042 2012 move-

402 2038 477 2088 rit,
519 2041 566 2077 ut
603 2038 922 2089 epigrammatis
960 2039 1096 2079 forma
1135 2040 1207 2090 A',
1249 2051 1379 2090 quam
1409 2039 1524 2090 apud
1553 2040 1770 2079 auctorem
1797 2049 1928 2078 suum
1955 2037 2042 2090 pri-

402 2104 584 2143 marium
623 2104 844 2154 Ephorum
882 2105 1028 2155 legerit
1067 2115 1239 2144 necesse
1274 2107 1360 2154 est,
1403 2104 1614 2155 neglecta,
1656 2103 1700 2143 in
1729 2102 1963 2144 recentiore
1987 2100 2043 2143 A·

401 2171 614 2209 exerceret
641 2171 775 2208 artem
805 2170 994 2209 criticam
1013 2168 1082 2220 40).

458 2234 571 2274 Suae
606 2246 823 2284 quamque
856 2235 1019 2275 formae
1045 2235 1263 2275 lectionem
1293 2235 1568 2274 attribuimus
1597 2236 1766 2285 praeter
1792 2233 2040 2274 varietatem

402 2300 595 2350 primam.
639 2300 782 2339 Primo
817 2300 970 2340 obtutu
1008 2301 1206 2340 Aristidis
1244 2300 1468 2340 mutationi
1509 2299 1600 2351 (Δῦ)
1639 2299 1784 2340 deberi
1819 2298 2040 2340 lectionem

401 2364 463 2414 τέ,
505 2377 601 2404 cum
631 2365 673 2404 in
704 2364 750 2416 γέ
777 2366 1022 2415 conspirent
1051 2366 1253 2416 Ephorus
1285 2365 1375 2416 (A')
1406 2368 1447 2405 et
1478 2365 1651 2416 Sylloge
1680 2364 1777 2416 (S),
1818 2362 2040 2416 putaveris

403 2430 474 2480 (cf.
509 2443 599 2470 var.
631 2431 669 2470 2.
702 2431 740 2470 8.
774 2430 841 2481 9),
884 2431 959 2470 sed
989 2431 1222 2481 particulae
1251 2430 1296 2482 γέ
1324 2434 1365 2471 et
1393 2430 1456 2480 τέ,
1489 2431 1595 2470 adeo
1622 2433 1720 2481 post
1745 2425 1886 2477 5506,
1910 2422 2039 2470 etiam

402 2496 512 2535 intra
541 2495 730 2535 eiusdem
760 2496 923 2536 formae
950 2497 1060 2535 fines
1088 2497 1340 2536 commutari
1369 2498 1614 2546 potuerunt.
1650 2495 1722 2536 Sic
1742 2495 1788 2535 in
1806 2493 2041 2535 imitatione

402 2561 530 2599 huius
550 2561 868 2611 epigrammatis
888 2562 1050 2601 formae
1068 2562 1119 2601 A¹
1144 2561 1215 2612 (cf.
1241 2574 1280 2601 v.
1304 2562 1329 2601 2
1345 2559 1508 2601 τοιάνδε
1521 2561 1613 2601 coll.
1634 2573 1725 2601 var.
1744 2561 1769 2601 7
1784 2560 1836 2600 A·
1850 2561 2041 2601 τοιοῦτον

401 2629 453 2672 <
472 2626 524 2666 A²
544 2625 756 2677 κάλλιον),
789 2639 900 2677 quae
918 2628 1073 2678 legitur
1092 2628 1135 2666 in
1158 2627 1365 2668 Columna
1386 2627 1569 2667 Xanthia
1591 2638 1676 2666 non
1698 2625 1746 2678 γέ
1761 2627 1850 2677 est,
1881 2625 1958 2666 sed
1974 2623 2039 2666 τέε

561 2690 636 2743 ἓ]ξ
670 2688 730 2731 οὖ
759 2691 793 2730 τ’
826 2690 1047 2744 Εὐρώπην
1068 2690 1207 2736 Ἄσίας
1235 2690 1330 2744 δίχα
1358 2690 1554 2743 πόν[τ]ος
1581 2690 1788 2743 ἔνεμ[ε]ν,

561 2755 603 2808 ο]
620 2755 740 2801 ι’·ὁὲς
757 2747 838 2798 {w
867 2755 1043 2797 Λυκίων
1071 2755 1223 2809 στήλην
1251 2755 1509 2807 το(ι)άνὸε
1536 2755 1788 2809 ἀνέθηκ(ε)ν
1813 2753 1901 2796 κτλ.

403 2821 581 2860 Difficile
607 2822 722 2862 dictu
751 2825 837 2873 est,
869 2823 973 2872 quid
1002 2825 1124 2874 poeta
1152 2823 1471 2874 epigrammatis
1499 2823 1669 2862 dedisse
1695 2820 1937 2862 censendus
1963 2820 2033 2881 sit.

1974 2880 1984 2899 4

444 2975 491 3013 39)
537 2975 648 3009 Locus
672 2976 709 3009 ll.
731 2974 765 3009 Y
782 2976 848 3009 358
871 2987 893 3010 a
915 2977 1171 3010 Stadtmiillero
1194 2982 1420 3018 comparatus
1442 2978 1485 3010 ad
1510 2978 1695 3011 lectionem
1719 2973 1840 3019 ἐφέπει
1865 2975 2036 3010 tuendam

401 3031 547 3064 fortasse
571 3032 648 3064 eius
669 3033 841 3075 originem
866 3033 1039 3075 explicare
1063 3038 1179 3075 potest
1201 3033 1259 3074 (cf.
1283 3033 1301 3075 ἓ
1323 3033 1415 3073 139).

444 3086 490 3125 ⁴⁸³)
539 3088 585 3120 De
609 3087 811 3121 Collectoris
835 3090 1076 3122 mutationum
1101 3090 1239 3123 ratione
1261 3094 1371 3133 atque
1395 3090 1512 3123 indole
1535 3090 1602 3122 vid.
1626 3089 1644 3131 ἐ
1666 3088 1733 3123 138
1754 3100 1804 3132 sq.
