2072 3568
334 255 434 306 Cap.
469 251 536 295 III
549 286 558 305 ,
592 253 655 295 32.
1111 253 1189 296 206

335 381 416 419 llill
446 381 509 419 56.
547 380 791 420 Secundum
816 381 1094 431 apographon
1121 381 1341 431 antiquius
1364 392 1536 422 carmen
1561 381 1717 435 legitur
1736 381 1846 426 cm.
1862 380 1971 428 42oe

334 447 466 494 (unde
505 446 623 485 Kaib.
664 446 762 495 768,
807 446 968 485 noum.
1007 447 1126 495 330),
1169 446 1240 486 ubi
1279 448 1405 487 aetati
1441 447 1669 489 Alexandri
1704 450 1966 502 assignatur.

334 511 588 560 Exordium,
623 511 663 549 in
693 522 780 560 quo
809 511 986 550 imitatio
1014 512 1222 562 cernitur,
1256 512 1339 551 iam
1368 512 1541 552 exhibui
1573 512 1601 565 fi
1630 513 1695 554 60.

383 576 450 615 212.
511 576 712 615 Eiusdem
749 576 1069 626 epigrammatis
1099 576 1280 627 (iormae
1309 589 1410 617 vero
1438 577 1508 629 A2)
1539 579 1716 619 imitatio
1742 579 1899 632 legitur
1923 580 1968 622 in

330 642 457 680 inser.
501 641 608 681 clo.
650 641 702 681 85
747 640 870 691 (οιΑ.
916 642 971 680 11.
1014 642 1115 692 555,
1164 642 1283 682 Kaib.
1322 642 1424 693 844,
1471 631 1634 684 noum.
1673 643 1794 696 352),
1837 656 1969 697 quam

332 707 358 756 ,ξ
390 707 440 745 60
468 707 687 756 descripsi.
740 706 978 746 Praemissa
1007 710 1072 746 est
1100 707 1290 757 decreto,
1332 720 1420 759 quo
1446 709 1652 749 archonte
1679 709 1971 752 Obarisandro

332 773 388 822 (a.
434 772 575 821 376s5)
628 772 819 822 Pyrrhae
868 771 954 822 (vel
1003 772 1188 823 Pyrrho)
1238 774 1406 814 cuidam
1454 774 1510 814 ob
1557 775 1706 816 merita
1753 775 1808 816 de
1851 775 1970 817 tribu

331 837 559 887 Cecropide
587 848 742 876 corona
771 848 902 876 aurea
930 840 995 877 est
1023 838 1241 878 attributa.

385 903 472 941 Keil
504 902 669 952 (Herm.
698 902 762 941 20.
799 902 900 942 1885
930 915 970 952 p.
999 902 1096 953 347)
1127 904 1362 943 arbitratus
1390 907 1455 943 est
1483 916 1569 944 non
1597 916 1664 956 ep.
1695 905 1771 946 142
1798 905 1971 958 utrique

329 968 593 1018 inscriptioni
633 967 708 1017 (2a
741 969 782 1007 et
816 966 889 1018 25)
921 968 1158 1008 subiectum
1188 980 1304 1019 esse,
1346 970 1420 1009 sed
1449 981 1547 1010 cum
1579 970 1870 1012 Simonideum
1897 981 1966 1023 ep.

329 1037 419 1073 tum
458 1035 686 1083 utramque
722 1033 1041 1083 inscriptionem
1077 1036 1214 1073 ortam
1252 1046 1347 1074 esse
1375 1046 1427 1074 ex
1456 1035 1689 1076 imitatione
1714 1036 1857 1087 quarti
1882 1035 1969 1088 epi·

328 1099 578 1149 grammatis
616 1110 732 1138 nunc
768 1098 996 1148 deperditi,
1038 1099 1154 1149 quod
1188 1100 1314 1139 etiam
1345 1101 1584 1150 respexisse
1611 1101 1779 1152 putavit
1805 1101 1970 1142 Isocra·

329 1168 411 1204 tem
447 1165 603 1214 Paneg.
639 1163 737 1214 179,
778 1175 905 1214 quem
935 1165 988 1203 ad
1017 1165 1338 1216 epigrammatis
1367 1166 1502 1205 nostri
1530 1166 1754 1207 exordium
1779 1166 1971 1207 alludere

328 1230 570 1279 ceteroquin
600 1230 694 1268 iure
720 1230 978 1269 observavit.
1012 1230 1128 1270 Haec
1156 1230 1299 1281 opinio
1328 1231 1394 1270 vel
1423 1231 1750 1282 inscriptionum
1773 1233 1894 1272 textu
1914 1252 1969 1261 -

330 1299 375 1335 ut
403 1297 455 1335 de
483 1296 632 1335 ceteris
661 1296 803 1335 causis
832 1307 947 1335 nunc
975 1298 1137 1336 taceam
1168 1295 1240 1347 (ct.
1270 1309 1311 1347 p.
1336 1296 1430 1347 alt.)
1461 1318 1514 1325 —
1541 1297 1767 1338 refutatur.
1799 1297 1968 1339 Etenim

328 1362 437 1401 idem
467 1373 571 1401 sane
597 1362 860 1412 epigramma
890 1362 1022 1401 secuti
1052 1364 1154 1401 sunt
1182 1362 1509 1412 inscriptionum
1537 1365 1734 1403 auctores
1762 1373 1840 1404 nec
1866 1372 1970 1403 vero

327 1428 503 1467 eandem
546 1427 638 1466 eius
681 1427 964 1466 traditionem.
1011 1427 1087 1466 Ille
1129 1427 1196 1478 (a)
1240 1427 1339 1478 legit
1380 1428 1425 1467 in
1466 1428 1647 1479 exempli
1688 1428 1758 1468 sui
1792 1427 1969 1468 exordio

328 1493 373 1540 ἐξ
407 1490 458 1533 οὗ
495 1525 502 1532 .
534 1524 541 1531 .
574 1524 580 1531 .
612 1524 619 1532 .
656 1490 783 1532 οὐδέν
809 1507 881 1532 πω
910 1495 1162 1532 τοιοῦτον
1189 1491 1296 1543 κτλ,
1335 1494 1404 1533 hic
1433 1492 1498 1544 (b)
1529 1505 1608 1544 pro
1635 1494 1824 1534 τοιοῦτον
1848 1503 1968 1535 oom-

326 1557 595 1610 parativam
620 1558 803 1607 aliquem
828 1558 1003 1597 invenit.
1036 1558 1196 1598 Eadem
1221 1561 1363 1598 autem
1384 1559 1662 1599 traditionum
1682 1558 1967 1610 discrepantia

327 1625 446 1663 adest
483 1624 527 1662 in
565 1635 630 1673 ep.
672 1623 748 1662 142
786 1623 901 1673 ipso,
943 1623 1066 1662 euius
1103 1624 1275 1663 traditio
1311 1624 1364 1663 A¹
1405 1624 1531 1664 habet
1558 1626 1747 1665 τοιοῦτον
1774 1623 1887 1676 (var.
1919 1623 1964 1675 ⁷,

329 1689 355 1741 ξ
394 1689 485 1739 60),
528 1687 579 1727 A'
616 1686 797 1727 κάλλιον.
841 1688 935 1733 Qua
969 1700 1117 1739 ειμι-ε,
1158 1689 1329 1740 opinor,
1371 1689 1591 1740 probabile
1616 1691 1682 1729 est
1709 1689 1970 1741 respondere
2051 1690 2072 1719 ⁷:

327 1755 643 1804 inscriptionem
683 1764 714 1793 a
749 1754 1070 1804 epigrammatis
1109 1754 1185 1794 142
1223 1754 1438 1794 traditioni
1475 1755 1551 1806 A',
1592 1755 1910 1806 inscription·
1938 1753 1968 1796 b

326 1819 541 1859 traditioni
588 1818 653 1858 A’.
711 1819 773 1858 Ne
818 1820 915 1869 quis
963 1820 1283 1859 similitudinem
1329 1820 1607 1860 traditionum
1646 1820 1968 1873 epigrammatis

326 1884 675 1935 inscriptionibus
713 1884 890 1923 subiecti
928 1885 1293 1935 traditionumque
1324 1886 1377 1924 A·
1411 1888 1541 1936 atque
1567 1885 1620 1925 A·
1646 1886 1968 1938 epigramm-ns

328 1951 403 1990 142
438 1950 555 1989 casui
591 1949 773 1999 tribuat,
812 1961 964 1989 moneo
991 1950 1086 1989 illas
1114 1950 1364 1990 traditiones
1392 1950 1444 1990 A·
1474 1953 1604 2001 atque
1631 1949 1683 1991 A·
1711 1962 1799 1991 non
1826 1950 1988 1991 mlum.
2067 1961 2072 1994 -ῑ

325 2017 519 2055 diversas
561 2026 655 2054 esse
696 2014 874 2055 exordii
914 2016 1166 2055 lectionibus
1209 2015 1281 2066 (cf.
1323 2015 1350 2068 ξ
1389 2016 1463 2067 60,
1509 2028 1600 2056 var.
1638 2016 1664 2056 3
1700 2018 1744 2057 et
1780 2015 1845 2068 7),
1889 2015 1966 2056 sed

325 2082 449 2121 etiam
492 2081 669 2120 lectione
705 2078 890 2133 Μήδους
926 2081 980 2120 Αι
1018 2103 1068 2108 —-
1107 2078 1281 2133 Μήδων
1316 2080 1369 2121 A¹
1405 2082 1449 2121 in
1487 2082 1626 2122 medio
1661 2082 1968 2134 epigrammate

328 2147 457 2196 (verS.
491 2148 537 2196 5,
576 2158 666 2185 var.
702 2145 785 2197 10).
1734 2145 1742 2150 ”

380 2212 444 2251 Ex
467 2211 768 2251 traditionibus
791 2211 975 2251 diversis
998 2211 1201 2251 subiectis
1224 2212 1351 2252 etiam
1372 2214 1550 2263 apparet
1570 2214 1767 2252 auctores
1786 2211 1965 2262 inscrip-

324 2278 486 2316 tionum
529 2277 778 2316 adhibuisse
818 2277 958 2316 fontes
999 2277 1207 2316 diversos.
1254 2277 1524 2317 Atheniensis
1565 2279 1688 2328 poeta
1725 2288 1835 2317 usus
1869 2286 1967 2317 esse

326 2342 494 2381 videtur
530 2342 756 2381 traditione
793 2342 1011 2392 populari,
1053 2342 1256 2382 litteraria
1285 2344 1450 2391 autem,
1490 2342 1638 2381 eadem
1666 2342 1872 2392 fortasse,
1909 2352 1965 2382 ex

325 2419 409 2456 qua
438 2407 580 2447 hausit
608 2407 871 2457 epigramma
900 2407 1103 2457 Ephorus
1134 2407 1273 2457 (Diod.
1304 2407 1376 2446 XI.
1404 2406 1496 2457 62),
1529 2408 1652 2457 poeta
1682 2407 1852 2458 Lycius.

377 2472 415 2510 3.
476 2472 580 2511 CIA.
620 2473 690 2522 11„
718 2472 820 2511 3111
864 2471 1029 2522 (Kaibel
1066 2473 1138 2522 47,
1181 2472 1418 2511 Hoffmann
1453 2471 1524 2522 87)
1562 2472 1718 2522 legitur
1743 2470 1967 2523 inscriptio

329 2537 518 2575 ‘tabellae
547 2538 772 2576 marmoris
803 2538 1000 2576 Pentelici
1030 2549 1127 2576 cum
1145 2539 1366 2577 -aetomate
1391 2540 1433 2576 et
1461 2537 1667 2587 relliquiis
1694 2535 1966 2588 anaglypb1’‚'

324 2602 518 2640 exeuntis
547 2603 688 2651 quarti
718 2603 895 2642 saeculi:
1741 2635 1747 2639 .

592 2665 857 2718 (Ἔ)νι9άό(ε)
890 2670 943 2720 γῆ
970 2667 1132 2720 κατέχει
1159 2666 1302 2720 τίτθην
1328 2666 1497 2707 παίδων
1524 2666 1736 2719 Διογείτου

643 2731 699 2771 ἐκ
742 2730 1166 2785 Πελοποννήσου
1204 2731 1326 2785 τήνδε
1355 2730 1629 2784 δικαιοτάτην.

939 2795 1111 2850 illailla
1142 2795 1354 2850 Κυθηρία.

325 2862 460 2901 Verba
496 2861 542 2900 ἐκ
575 2859 905 2914 Πελοποννήσου
933 2863 1254 2912 epigrammatis
1282 2866 1432 2902 auctor
1461 2864 1709 2902 reeordatus
1735 2873 1832 2902 esse
1858 2862 1962 2903 mihi
2059 2905 2072 2922 ἡ

325 2926 492 2965 videtur
528 2939 580 2965 ex
619 2927 841 2966 notissimo
878 2928 1185 2978 epigrammate
1218 2929 1569 2979 Thermopylensi
1597 2928 1672 2978 91,
1713 2928 1786 2967 ubi
1813 2926 1987 2968 eadent

324 2992 524 3030 carminis
554 2992 653 3031 sede
682 2993 903 3043 leguntur:
2064 2985 2072 2999 ¹

588 3057 785 3108 μυριάσιν
811 3057 912 3097 ποτὲ
940 3056 1037 3110 τῇδε
1066 3058 1319 3110 τριηκοσίαις
1346 3057 1555 3110 ἐμάχοντο

643 3121 699 3161 ἐκ
739 3120 1166 3175 Πελοποννήσου
1203 3122 1384 3176 χιλιάδες
1411 3123 1582 3175 τέτορες.
