2072 3568
911 239 962 285 83
1522 240 1548 298 ς
1578 245 1650 297 44,
1684 243 1749 286 45.

3 366 6 367 ⁷
117 370 220 412 erat.
244 367 398 410 Forma
418 371 559 409 autem
579 368 765 420 genuina
786 368 839 408 A¹
860 369 1031 409 nonnisi
1046 368 1251 409 Herodoti
1266 369 1493 409 lectoribus
1509 372 1636 420 atque
1651 370 1755 410 viris

44 483 46 485 ,
117 437 251 478 doctis
279 437 370 475 erat
398 437 516 483 nota;
547 446 595 473 ea
624 437 842 484 praeterea
871 435 1185 484 quodammodo
1213 447 1311 474 cum
1335 435 1564 474 Simonidis
1586 436 1756 475 nomine

117 503 208 543 erat
235 501 459 541 coniuncta
488 501 661 549 propter
689 500 952 550 epigramma
981 501 1200 550 Megistiae
1227 513 1251 540 a
1281 502 1402 550 poeta
1431 501 1684 540 dedicatum.

171 567 376 608 Collector
412 565 456 604 in
498 564 698 615 Syllogen
727 566 956 614 utramque
984 566 1139 615 recepit
1167 566 1349 605 formam
1378 567 1434 604 ita
1459 566 1750 616 coniunctam,

117 634 166 672 ut
200 643 253 671 ex
289 631 343 670 A'1
378 631 423 669 in
460 630 513 669 A¹
552 632 774 680 reponeret
811 629 1002 682 ἄγγειλον
1036 643 1114 680 pro
1143 629 1362 682 ἀγγέλλειν.
1397 632 1474 680 Ep.
1508 632 1545 670 ei
1573 634 1613 670 et
1641 633 1755 682 apud

118 697 382 737 Herodotum
419 698 459 735 et
496 696 612 745 apud
649 697 865 735 auctorem
903 697 994 735 eius
1036 696 1287 746 primarium
1329 697 1549 746 Ephorum
1587 699 1757 746 praesto

15 810 20 817 .‚
117 764 220 803 erat.
254 762 366 801 Huic
393 762 555 800 formae
586 760 656 812 (S)
679 773 833 800 nomen
857 761 1110 811 Simonidis,
1139 773 1224 811 quo
1244 761 1298 800 Αἵ
1317 762 1508 812 carebat,
1541 762 1751 811 apposuit.

0 818 56 884 33³·
121 829 180 868 De
207 827 422 868 Ciceronis
451 828 692 866 testimonio
720 828 773 867 cf.
809 826 835 878 ,ξ
867 838 954 877 seq.

796 980 834 1021 3.
895 989 1085 1020 CICERO.

5 1146 36 1161 ι,
174 1105 202 1158 ἓ
239 1106 304 1156 45,
370 1104 497 1154 Quid
541 1104 847 1146 Ciceroniano
888 1103 1242 1156 epiyramrnatis
1280 1104 1344 1144 92
1382 1104 1645 1145 testimonio
1680 1104 1757 1145 tri-

6 1164 49 1223 j
120 1170 352 1211 buendum
402 1169 630 1210 videatur.
684 1170 898 1219 Ciceroni,
953 1181 1039 1219 quo
1090 1170 1372 1219 antiquiorem
1414 1172 1510 1220 post
1556 1170 1755 1221 Syllogen

39 1237 63 1278 f*
118 1235 351 1277 conditam,
372 1235 538 1274 nullum
567 1235 818 1284 scriptorem
847 1246 912 1284 ep.
946 1234 1161 1284 quoddam
1194 1234 1485 1274 Simonideum
1513 1236 1757 1275 laudantem

59 1312 61 1314 ·
120 1300 348 1350 habemus,
382 1299 641 1339 celeberrimi
669 1300 989 1350 epigrammatis
1017 1299 1092 1350 92,
1126 1300 1248 1338 cuius
1278 1300 1421 1339 variae
1448 1300 1610 1340 formae
1628 1313 1754 1351 expo-

51 1367 54 1371 ‘
120 1366 226 1406 sitae
258 1367 360 1405 sunt
398 1365 442 1404 in
483 1363 509 1416 ξ
549 1365 838 1415 praecedenti,
879 1365 1169 1404 testimonium
1206 1365 1403 1415 debetur,
1442 1367 1509 1405 cui
1539 1367 1619 1406 viri
1647 1367 1757 1406 docti

120 1431 208 1471 fere
245 1442 394 1470 omnes
431 1430 614 1469 multum
652 1430 840 1470 tribuere
877 1431 1014 1469 solent
1052 1432 1180 1480 atque
1219 1431 1328 1469 soliti
1358 1433 1471 1470 sunt.
1514 1432 1685 1471 Tuscul.
1719 1433 1753 1471 I.

11 1506 12 1509 ’
52 1488 58 1493 ⁴
120 1496 184 1536 42.
227 1496 302 1536 101
334 1496 596 1546 epigramma
627 1496 775 1535 Latine
805 1491 978 1535 versum
1011 1495 1327 1545 Simonidisque
1354 1497 1604 1536 auctoritate
1631 1509 1755 1536 orna-

54 1608 62 1615 ἴ
119 1563 211 1602 tum
239 1562 434 1612 praebet:

59 1626 61 1629 ’
280 1625 377 1676 die,
409 1625 594 1677 hospes,
628 1625 827 1677 Spartae
854 1637 940 1666 nos
970 1627 1011 1666 te
1038 1625 1114 1666 hie
1141 1624 1310 1666 vidisse
1338 1625 1554 1677 iacentes,

39 1736 57 1743 Ἰ,
331 1691 450 1731 'dum
477 1689 652 1731 sanctis
672 1690 865 1742 patriae
894 1690 1070 1743 leyibus
1098 1690 1407 1742 obsequimur.

123 1757 315 1797 Proclive
351 1758 463 1796 esset
500 1757 714 1797 Ciceronis
752 1757 911 1796 fontem
940 1757 1148 1807 indicare,
1190 1757 1226 1795 si
1256 1759 1490 1807 constaret,
1527 1768 1758 1807 quamnam

32 1845 44 1851 --
121 1822 388 1862 traditionem
421 1821 515 1873 (A1,
548 1822 623 1873 A²,
660 1822 689 1862 S
699 1834 710 1871 ;
741 1823 793 1862 cf.
829 1821 856 1873 ,ξ
885 1821 956 1870 44)
988 1822 1128 1861 versio
1157 1822 1366 1872 respicere
1390 1823 1616 1862 videretur.
1651 1823 1758 1862 Con-

122 1887 237 1927 venit
273 1899 378 1927 sane
415 1910 465 1916 ——
494 1888 610 1938 quod
648 1888 833 1938 Bergkio
874 1888 1059 1938 Pregero
1098 1887 1191 1927 aliis
1228 1887 1407 1927 libenter
1443 1888 1669 1927 concedam
1707 1908 1760 1914 —

15 1945 64 2011 f
123 1951 337 1992 Ciceronis
392 1952 496 1991 illud
556 1951 748 2004 ‘leyibus
804 1951 1116 2004 obsequimur’
1175 1953 1280 1992 satis
1336 1955 1532 1992 accurate
1587 1953 1759 1992 Graecis

14 2015 21 2064 ζ
47 2038 75 2071 ,45
121 2014 367 2069 πειθόμενοι
394 2017 591 2070 νομίμοις
622 2017 736 2069 (A2),
771 2018 845 2057 sed
865 2019 980 2068 quod
1001 2018 1138 2057 forma
1158 2017 1212 2057 A’
1235 2018 1464 2057 Simonidis
1485 2018 1654 2057 nomine
1674 2030 1758 2056 non

123 2083 285 2122 munita
321 2084 407 2133 est,
456 2083 620 2134 obstat,
668 2084 900 2133 quominus
939 2083 1182 2123 Ciceronem
1212 2083 1291 2122 hac
1327 2084 1463 2122 forma
1501 2095 1628 2122 usum
1667 2095 1761 2122 esse

2 2139 20 2158 ²
123 2151 334 2199 putemus.
376 2149 450 2188 Vel
483 2148 564 2188 hac
591 2149 644 2188 de
679 2160 809 2188 causa
843 2148 1100 2187 sumendum
1138 2148 1216 2187 erit
1254 2148 1497 2188 Ciceronem
1527 2148 1761 2187 reddidisse

16 2220 74 2258 :12
124 2213 214 2253 sive
249 2214 431 2254 formam
469 2214 520 2253 Α1
562 2214 653 2253 sive
691 2213 740 2263 S;
782 2225 937 2264 neque,
978 2214 1150 2263 opinor,
1193 2214 1421 2263 quisquam
1460 2214 1630 2264 negabit
1668 2213 1759 2252 fieri

47 2275 73 2335 Γ,
124 2289 270 2330 posse,
311 2282 359 2319 ut
393 2279 538 2319 Cicero
568 2279 697 2319 verba
731 2278 922 2331 ‘leyibus
951 2277 1262 2330 obsequimur‘
1296 2279 1552 2328 respondere
1581 2278 1760 2317 voluerit

124 2342 205 2383 iuis
241 2342 399 2396 ῥήμασι
435 2343 701 2396 πειθόμενοι,
743 2357 854 2395 quae
891 2345 1117 2394 utriusque
1153 2345 1315 2383 formae
1351 2344 1402 2383 A*
1442 2346 1482 2383 et
1522 2343 1550 2383 S
1589 2335 1759 2394 propria

45 2406 79 2467 ἐξ
125 2410 238 2448 sunt.
271 2409 432 2449 Nomen
456 2409 687 2449 Simonidis
707 2422 759 2449 ex
778 2411 962 2459 utraque
980 2409 1206 2448 traditione
1226 2409 1309 2459 peti
1328 2409 1477 2458 potuit.
1510 2408 1756 2458 Videamus,

125 2474 222 2513 utra
248 2474 441 2525 eligenda
470 2475 537 2514 sit.

18 2587 23 2589 .
178 2538 335 2590 Preger
363 2539 596 2579 arbitratus
624 2541 689 2579 est
720 2538 778 2590 (p.
814 2538 881 2590 16)
913 2539 1157 2579 Ciceronem
1187 2538 1342 2578 adiisse
1371 2538 1582 2578 Coronam
1612 2537 1760 2577 Melea-

16 2609 30 2648 ἶ
62 2595 82 2658 Ι,ζ
125 2614 284 2655 gream.
316 2604 436 2644 Mitto
465 2616 590 2655 sane,
623 2605 738 2655 quod
769 2605 953 2655 Pregero
982 2604 1063 2654 ipsi
1093 2604 1238 2644 Cicero
1269 2603 1447 2642 vertisse
1465 2615 1557 2657 eam
1579 2603 1758 2642 formam

16 2669 21 2727 J
127 2667 315 2719 videtur,
348 2680 479 2719 quam
502 2669 641 2709 littera
672 2670 724 2708 A*
752 2670 968 2720 insignivi.
1001 2669 1120 2715 Quae
1148 2681 1172 2708 a
1202 2669 1368 2709 Corona
1397 2669 1532 2707 aliena
1561 2670 1636 2707 est.
1684 2669 1757 2717 At,

66 2727 322 2784 '‘ebsecro,
363 2736 484 2773 estne
520 2735 718 2774 credibile
757 2735 1000 2774 Ciceronem
1040 2735 1301 2785 epigramma
1340 2734 1529 2773 omnium
1560 2734 1761 2782 vulgatis-

12 2795 21 2816 ’“
128 2797 283 2838 nimum
320 2799 521 2849 petivisse
557 2811 609 2838 ex
637 2799 993 2850 epigrammatum
1022 2799 1284 2849 collectione,
1326 2810 1454 2848 quam
1484 2810 1580 2837 eum
1610 2809 1761 2847 cogno-

73 2885 87 2913 2
129 2861 242 2902 visse
269 2863 413 2903 nunus
428 2862 464 2914 ⁴)
494 2864 739 2914 ceteroquin
768 2865 887 2904 locus
915 2866 1002 2914 est,
1035 2864 1109 2914 qui
1139 2863 1321 2913 probet?

26 3051 29 3054 ‘
80 3031 105 3047 ,,
172 3002 204 3046 ⁴)
249 3004 378 3047 Preger
415 3015 499 3039 sane
538 3007 690 3039 alterum
715 3006 871 3039 Coronae
912 3005 1091 3038 adhibitae
1132 3005 1319 3046 vestigium
1363 3005 1453 3045 apua!
1491 3004 1690 3036 Ciceronem
1727 3014 1763 3034 se

69 3065 90 3073 ”
129 3059 302 3096 invenisse
335 3063 489 3105 putavit:
522 3063 622 3105 epist.
647 3063 688 3095 ad
714 3062 785 3095 Att.
811 3062 867 3095 lx.
892 3061 923 3095 7.
948 3062 969 3093 5
992 3066 1028 3094 ct
1051 3061 1105 3094 18.
1129 3061 1168 3102 3,
1195 3061 1252 3093 ubi
1280 3061 1398 3103 respici
1426 3061 1594 3092 Leonidae
1619 3071 1670 3101 ep.
1697 3059 1760 3091 ΛΡ.

18 3133 21 3158 T
55 3135 97 3170 ,3¹
130 3114 172 3150 X.
202 3115 220 3150 1
253 3118 503 3152 animadvertit
537 3119 678 3152 Knaack
712 3119 845 3161 (progr.
878 3118 1008 3151 Stettin
1041 3117 1129 3151 1883
1160 3128 1190 3160 p.
1225 3117 1270 3157 7).
1307 3117 1351 3149 At
1377 3116 1517 3149 ix'naack
1542 3116 1664 3149 eodem
1691 3117 1763 3148 loco

1586 3176 1691 3212 6⁴⁶,
