2072 3568
912 218 986 262 175
1543 218 1568 275 g
1599 221 1663 274 97,
1697 221 1760 264 98.

63 335 81 367 ’ἓ
131 348 213 389 ΑΡ.
228 345 303 388 VI.
322 347 400 388 343
427 345 604 399 (ἄδηλον
622 348 666 397 A,
692 347 759 386 oui
783 348 906 386 titulo
930 347 962 387 o
987 347 1181 386 adiunxit
1199 344 1453 399 Ἡροδότου)
1477 361 1541 399 ep.
1565 349 1667 389 sim.
1691 350 1764 389 132

133 413 365 466 (nusquam
397 413 686 452 Simonideum
716 412 914 462 obvium,
947 413 999 451 cf.
1029 411 1087 463 ἐξ
1112 413 1185 463 41,
1214 412 1298 463 55).
1332 414 1424 452 Hoc
1447 415 1765 454 demonstratur

130 490 215 520 non
244 480 331 518 tam
361 478 621 518 Correctoris
650 480 750 516 nota
778 489 909 527 quam
937 478 1028 517 loco
1057 490 1106 517 ac
1133 480 1251 517 textu
1280 479 1611 529 epigrammatis.
1647 482 1764 531 Legi-

130 545 201 584 tur
240 544 352 583 enim
394 556 481 582 uno
523 544 842 594 epigrammatis
883 544 1106 583 intervallo
1147 544 1404 593 diremptum
1448 557 1471 583 a
1508 546 1764 585 Mandroclis

129 609 432 659 epigrammate
462 608 562 659 (ΑΡ.
579 607 654 648 VI.
674 607 786 659 341),
819 609 934 658 quod
962 611 1077 648 extat
1108 610 1207 647 Her.
1228 608 1303 648 IV.
1324 609 1394 658 88,
1428 612 1523 659 post
1551 611 1666 659 quod
1694 623 1758 661 ep.

118 673 432 724 epigrammata
469 674 585 723 apud
614 673 879 728 Herodotum
908 674 1174 722 conquirenti
1203 674 1389 723 primum
1417 676 1665 714 occurrebat
1694 688 1758 726 ep.

7 752 11 772 ι
53 764 75 786 J
129 740 336 778 nostrum.
383 739 492 778 Tum
521 751 585 788 ep.
619 751 705 778 non
733 739 961 788 praebetur
990 739 1033 777 in
1062 751 1111 778 eo
1139 741 1279 789 textu,
1312 751 1398 788 quo
1427 740 1462 778 si
1491 752 1554 789 ep.
1588 752 1638 779 ex
1671 741 1763 791 Syl-

7 800 11 853 }
54 804 75 808 ’
126 803 222 854 loge
249 815 325 854 per
353 804 613 854 Meleagrum
642 805 687 843 in
711 804 927 853 -Cephalae
954 816 1110 843 manus
1139 805 1424 854 pervenisset,
1457 806 1605 854 procul
1634 806 1763 845 dubio

7 865 9 905 ]
52 878 76 914 ᾗ
126 868 172 908 in
209 869 291 908 ΑΡ.
329 870 558 920 legeretur,
602 881 659 908 sc.
698 870 742 907 in
779 871 898 908 textu
937 870 1124 919 integro,
1166 881 1293 918 quem
1331 870 1494 908 codices
1532 872 1699 920 generis
1735 872 1764 922 β

54 924 82 980 “
128 936 409 973 servaverunt
432 934 728 983 Diodorusque
752 935 870 973 novit
894 933 1014 984 (Exc.
1030 935 1118 973 Vat.
1138 933 1220 973 ΙΙΙ.
1235 935 1287 973 40
1303 935 1444 984 Dind.,
1465 948 1504 985 p.
1521 936 1597 974 213
1614 936 1760 987 Vog.);

1 1011 3 1014 ⁴
54 1005 74 1045 ζμ
127 1001 340 1048 comparet
382 1008 482 1038 vero
523 999 567 1038 in
610 1001 728 1038 textu
766 1002 923 1038 temere
960 1001 1122 1038 mutato
1159 1000 1351 1038 codicum
1389 1001 1556 1050 generis
1594 1015 1642 1051 α,
1689 1003 1762 1051 qui

6 1067 9 1069 ’
58 1054 90 1117 35
125 1063 284 1103 habent
319 1076 359 1103 v.
398 1064 422 1103 3
463 1063 534 1115 (=
571 1076 611 1102 v.
652 1063 692 1114 1)
733 1062 979 1116 ἀχνυνθέντι
1015 1063 1178 1115 (vocem
1208 1065 1327 1103 nihili
1356 1077 1433 1114 pro
1462 1064 1692 1117 ἀχλυόεντι)
1723 1069 1763 1106 et

8 1130 9 1134 ’
62 1118 105 1184 ,ξ’
126 1140 168 1168 v.
195 1129 220 1168 2
247 1127 450 1180 ἔργμασιν
477 1128 533 1168 ἐκ
561 1127 752 1181 πολέμου
783 1129 880 1180 (pro
908 1129 938 1169 ἔ.
969 1128 990 1169 ἐ
999 1144 1023 1168 ν
1050 1129 1126 1180 π.).
1161 1131 1221 1169 De
1239 1132 1357 1169 textu
1373 1131 1454 1169 ΑΡ.
1474 1142 1523 1169 30
1537 1131 1589 1169 de
1604 1132 1762 1171 coniec-

125 1193 235 1233 turis
259 1194 451 1233 virorum
474 1195 718 1245 doctorum,
747 1207 858 1244 quae
877 1195 1127 1234 lectionibus
1149 1209 1175 1234 α
1199 1196 1408 1244 nituntur,
1436 1198 1651 1245 praeterea
1674 1198 1757 1236 vid.

125 1258 170 1298 in
197 1259 268 1298 alt.
295 1259 515 1299 h.'comm.
545 1272 585 1310 p.
626 1261 826 1299 Fortasse
853 1262 994 1299 tamen
1025 1260 1215 1300 conicere
1242 1261 1336 1299 licet
1366 1260 1635 1300 Collectorem
1665 1273 1761 1301 cum

125 1323 390 1364 Herodotum
427 1325 481 1364 ad
519 1325 826 1375 epigrammata
859 1325 1066 1364 Simonidi
1094 1325 1366 1364 attribuenda
1396 1325 1682 1376 pervolveret‚
1724 1327 1761 1365 ei

125 1388 204 1429 hoc
239 1401 410 1439 quoque
445 1402 510 1440 ep.
549 1390 804 1440 adespoton,
847 1391 1005 1440 quippe
1042 1391 1157 1440 quod
1196 1391 1369 1439 propter
1405 1392 1583 1428 aetatem
1621 1391 1675 1430 ab
1713 1404 1761 1431 eo

57 1459 74 1510 (j
125 1454 248 1493 condi
275 1455 504 1505 potuisset,
546 1456 797 1505 ascripsisse
825 1458 954 1505 atque
981 1456 1025 1494 in
1058 1455 1257 1506 Syllogen
1287 1456 1507 1505 recepisse.
1558 1455 1641 1495 Sed
1669 1460 1760 1496 tum

124 1519 385 1569 epigramma
413 1520 497 1559 iam
527 1532 551 1559 a
582 1521 792 1571 Meleagro
820 1521 1045 1559 dimissum
1073 1532 1167 1559 esse
1195 1521 1455 1559 censendum
1485 1523 1560 1560 est.

59 1619 72 1626 ,,
177 1583 329 1634 Itaque
346 1587 514 1634 praeter
530 1585 740 1625 Coronam
757 1586 1035 1635 Meleagream
1054 1586 1261 1635 Cephalas
1281 1587 1398 1625 nullo
1418 1598 1524 1625 usus
1544 1589 1608 1626 est
1627 1588 1755 1638 fonte,

125 1659 177 1688 ex
204 1650 474 1706 quossrecepit
498 1651 760 1701 epigramma
789 1650 1031 1690 Simonideo
1055 1652 1177 1690 titulo
1201 1654 1413 1690 ornatum.
1448 1653 1526 1702 Ep.
1550 1654 1661 1692 enirn
1686 1654 1755 1703 94,

59 1711 66 1731 ³
124 1714 287 1754 etiamsi
306 1715 343 1754 ei
364 1715 407 1754 id
428 1716 771 1766 suppeditavisse
791 1716 958 1755 videtur
980 1717 1243 1766 Herodotus,
1268 1717 1389 1756 titulo
1405 1717 1654 1758 ,Simonideo
1674 1730 1759 1757 non

80 1819 82 1822 ,
123 1780 327 1831 munivit,
368 1792 433 1831 ep.
465 1781 563 1830 132,
596 1781 711 1830 quod
741 1782 903 1820 certum
931 1783 996 1820 est
1024 1793 1076 1820 ex
1105 1782 1320 1821 Herodoto
1349 1783 1392 1820 in
1422 1783 1588 1822 Anthol.
1615 1795 1759 1833 perve-

63 1856 80 1894 ᾖ
125 1844 260 1895 nisse,
296 1845 587 1885 Simonideum
617 1846 732 1896 apud
762 1846 990 1896 scriptores
1020 1848 1192 1885 nostrae
1220 1847 1391 1885 demum
1415 1848 1563 1886 aetatis
1588 1849 1753 1888 dicitur.

62 1910 89 1966 ’
178 1908 204 1961 ἓ
234 1909 298 1950 98.
357 1909 542 1951 Indicia
561 1909 762 1962 oriyinis
781 1910 1175 1962 epiyrammatum
1196 1923 1244 1951 ex
1264 1910 1450 1963 Sylloqe
1470 1911 1754 1953 Simonidea.

123 1972 321 2025 Quinque
361 1977 654 2027 quaestiones,
701 1977 754 2015 de
794 1977 953 2026 quibus
995 1978 1039 2015 in
1083 1977 1366 2027 paragraphis
1408 1978 1758 2027 praecedentibus

125 2038 318 2092 (85—97)
349 2042 655 2092 disseruimus,
692 2042 865 2092 docent,
898 2053 1027 2091 quam
1056 2042 1182 2092 longe
1211 2043 1342 2092 absit,
1377 2045 1424 2081 ut
1453 2043 1757 2093 epigrammata

121 2106 284 2156 omnia,
325 2118 436 2156 quae
473 2107 516 2145 in
554 2107 722 2145 Anthol.
763 2106 955 2146 Palatina
997 2106 1228 2146 Simonidis
1266 2108 1517 2147 auctoritate
1550 2109 1757 2148 instructa

67 2160 98 2206 :3
121 2169 341 2222 leguntur,
381 2183 434 2211 ex
474 2171 646 2222 Sylloge
685 2171 928 2211 Simonidea
967 2174 1201 2222 propagata
1231 2174 1500 2211 censeantur.
1548 2173 1757 2218 Quemad-

67 2230 87 2291 ’ἦ
122 2236 295 2276 modum
337 2248 361 2276 a
404 2237 634 2276 Collectore
674 2238 821 2286 poetae
863 2237 1074 2276 vindicata
1116 2239 1181 2276 est
1218 2237 1574 2287 epigrammatum
1612 2239 1752 2288 copia,

68 2290 78 2326 ’ἶ
121 2299 165 2340 in
188 2311 273 2351 qua
297 2299 432 2351 pauca
455 2303 622 2341 tantum
650 2301 881 2341 Simonidis
905 2302 1041 2352 ipsius
1065 2303 1372 2352 epigrammata
1397 2303 1582 2353 genuina
1608 2303 1758 2342 adesse

64 2356 86 2419 ι
121 2367 372 2417 potuerunt,
413 2368 474 2406 sic
513 2367 707 2418 Sylloges
744 2368 874 2407 huius
915 2367 1184 2407 Simonideae
1222 2368 1424 2418 reliquiae
1453 2380 1537 2407 non
1568 2369 1758 2419 integrae

56 2430 86 2484 {y
120 2429 165 2470 in
201 2431 452 2483 Anthologia
490 2433 680 2473 Palatina
710 2435 812 2472 sunt
841 2435 1057 2483 servatae,
1100 2433 1172 2472 sed
1204 2434 1508 2472 nonnullorum
1537 2435 1755 2473 titulorum

70 2507 85 2547 χ
120 2494 324 2536 iacturam
354 2497 673 2547 multorumque
701 2498 1036 2538 additamentum
1066 2510 1218 2548 passae
1248 2501 1361 2537 sunt.

173 2561 380 2602 Tractatis
408 2563 538 2613 igitur
566 2564 912 2614 quaestionibus,
945 2575 1055 2613 quae
1079 2564 1412 2614 praemittendae
1435 2567 1578 2615 erant,
1613 2566 1755 2604 viden—

71 2617 245 2682 ¹illum,
273 2638 376 2666 num
400 2627 554 2667 indicia
578 2630 742 2679 extent,
772 2640 824 2668 ex
848 2629 1007 2678 quibus
1032 2629 1413 2687 cognoscantur‘in
1438 2629 1520 2668 ΑΡ.
1546 2632 1753 2679 quaedam

76 2690 446 2746 3epigrammata,
487 2705 598 2743 quae
635 2696 801 2733 constat
830 2694 1002 2733 titulum
1035 2694 1326 2734 Simonideum
1357 2690 1442 2733 non
1473 2696 1753 2744 posteriorum

57 2753 261 2796 *naudi
298 2757 364 2797 vel
399 2758 534 2798 errori
571 2759 726 2798 debere
759 2759 834 2798 sed
868 2759 1082 2810 integrum
1113 2771 1310 2799 servasse
1337 2772 1388 2798 ex
1421 2759 1591 2810 Sylloge
1622 2761 1751 2799 Simo-

3 2837 6 2839 *
71 2812 94 2853 Ξῖ
121 2819 243 2861 nidea
289 2824 584 2874 propagatum.
644 2823 764 2869 Quae
805 2824 958 2864 indicia
1001 2825 1084 2864 iam
1128 2836 1259 2874 supra
1305 2823 1351 2875 (ἓ
1395 2824 1464 2874 83)
1509 2828 1753 2864 enumerata

71 2894 75 2917 τ
121 2882 223 2925 haec
250 2888 371 2926 sunt:

173 2960 215 2990 a.
262 2950 457 2993 traditio
486 2951 523 2993 S
550 2953 890 2994 Simonideorum
919 2955 1292 3005 epigrammatum;

174 3013 214 3055 b.
261 3015 448 3057 ordines
477 3017 708 3058 Simonidei
739 3019 938 3067 Palatini;

174 3090 208 3120 c.
262 3079 551 3123 imitationes
581 3083 849 3123 Simonideae
877 3084 1129 3123 Mnasaloae.
