2072 3568
840 183 843 185 ’
885 222 960 271 127
1616 212 1642 286 g
1675 229 1737 275 75.

106 362 276 396 neeesse
320 353 403 406 est,
450 351 652 405 quoniam
694 352 990 407 Ps.-Aristippi
1028 355 1155 407 liber,
1199 355 1272 407 qui
1310 357 1400 398 erat
1436 355 1531 409 περὶ
1564 355 1743 403 παλαιᾶς

104 425 327 474 τρυφῆς,
364 433 522 471 unum,
563 422 736 471 opinor,
779 423 970 462 exhibuit
1007 435 1071 473 ep.
1111 424 1155 462 in
1185 424 1452 473 Empedoclis
1482 425 1737 476 amasium,

21 478 39 509 Ὺ*
104 498 241 536 neque
277 498 453 526 curasse
487 487 655 526 videtur
683 488 822 526 iocum
852 489 1181 538 Empedocleum
1210 490 1253 528 in
1284 490 1503 529 Acronem.
1546 491 1740 530 Attamen

7 546 12 554 ’
104 563 189 591 non
231 552 448 602 suffragor
486 553 802 591 Wilamowitzio
818 583 828 603 ,
871 576 922 580 —
960 565 1086 602 quem
1125 555 1319 603 sequitur
1359 555 1573 594 Susemihl
1611 557 1655 595 A.
1691 558 1735 596 L.

104 617 138 656 Ι.
170 617 249 656 326
286 629 328 656 n.
361 617 412 656 84
447 639 521 667 ——,
563 618 636 666 qui
674 618 815 667 Antig.
850 618 946 658 Car.
980 631 1020 668 p.
1054 619 1104 658 52
1142 620 1299 658 iudicat
1340 620 1543 670 Satyrum
1582 622 1736 672 fuisse,

1 682 35 741 ᾗ
103 683 171 722 cui
190 683 471 732 Aristippeam
492 683 683 721 notitiam
704 683 854 727 debeat
876 684 1097 733 Diogenes.
1128 685 1189 723 Ad
1210 697 1338 734 quam
1359 686 1600 735 opinionem
1622 688 1740 726 refel-

101 748 269 787 lendam
298 748 378 787 viri
407 748 563 786 summi
583 748 815 798 disputatio
834 750 1051 798 praeclara
1071 750 1123 788 de
1142 750 1250 789 libro
1268 749 1363 801 περὶ
1381 749 1560 795 παλαιᾶς
1579 755 1741 805 τρυφῆς

105 813 221 864 (inde
257 825 281 852 a
310 825 350 863 p.
383 812 453 863 48)
485 814 669 863 amplam
699 814 872 863 praebet
901 815 1131 854 materiem.
1175 816 1239 854 Ex
1268 817 1348 855 hoc
1376 817 1487 855 enim
1516 818 1624 856 libro
1654 830 1739 868 ps.-

102 878 339 928 Aristippeo
367 880 534 928 praeter
563 879 604 917 h.
637 879 663 917 l.
698 881 853 928 septies
876 878 930 930 (I.
955 880 1025 930 96,
1059 881 1116 919 II.
1142 881 1215 931 23,
1248 881 1321 932 48,
1356 883 1436 920 III.
1461 882 1534 932 29,
1569 884 1638 922 IV.
1665 884 1735 934 19,

12 928 42 973 3³·
101 943 149 983 V.
181 943 228 993 3,
260 942 329 993 39)
362 943 569 993 Diogenes
599 943 950 994 philosophorum
980 957 1146 984 amores
1175 948 1358 985 testatur
1388 959 1525 997 neque
1554 961 1738 998 usquam

8 1002 38 1063 {3
102 1010 277 1058 apparet
313 1008 432 1047 illum
470 1021 518 1047 eo
556 1021 631 1058 per
672 1009 876 1060 Satyrum
905 1023 1033 1050 usum
1062 1023 1168 1050 esse.
1211 1012 1347 1061 Atque
1375 1013 1480 1052 adeo
1508 1014 1618 1053 inter
1646 1016 1739 1054 illos

101 1073 215 1112 locos
235 1085 350 1112 unus
370 1076 434 1112 est
454 1074 536 1113 III.
561 1074 612 1113 29
631 1075 716 1113 iam
736 1076 929 1114 consulto
950 1087 974 1114 a
996 1088 1062 1114 me
1080 1077 1124 1114 in
1148 1075 1174 1127 ἓ
1197 1078 1388 1126 praeced.
1413 1081 1641 1129 tractatus,
1666 1081 1739 1129 qui

10 1158 33 1180 ὦ
102 1140 248 1177 nostro
276 1140 340 1177 est
368 1139 618 1178 consimilis:
648 1140 718 1178 illo
746 1141 837 1179 loco
867 1139 1223 1192 epiyrammatis
1253 1142 1323 1192 (ex
1350 1154 1445 1182 uno
1474 1144 1604 1194 igitur
1631 1146 1739 1184 libro

100 1217 144 1242 π.
176 1217 220 1242 π.
252 1217 313 1254 τρ.
345 1203 504 1254 petitis)
536 1205 739 1248 Platonis-
754 1205 797 1243 in
827 1205 975 1244 Astera
1005 1218 1124 1245 amor
1153 1207 1405 1247 illustratur.
1448 1209 1598 1258 Itaque
1626 1210 1738 1248 Aris-

36 1258 40 1261 ’
100 1268 264 1318 tippum
303 1263 387 1308 non
426 1281 478 1308 ex
518 1269 674 1320 Satyro
702 1270 849 1309 laudat
879 1272 1100 1321 Diogenes.
1136 1273 1282 1321 Neque
1314 1273 1514 1323 Satyrum
1545 1286 1596 1312 ex
1626 1275 1739 1313 Aris-

7 1322 35 1383 ξ
100 1333 216 1383 tippo
233 1333 301 1384 90).
340 1335 449 1374 Nam
477 1336 710 1384 quominus
740 1335 819 1376 hoc
848 1336 1128 1387 accipiamus,
1163 1349 1248 1376 non
1278 1340 1364 1377 tam
1393 1339 1533 1378 obstat
1562 1341 1738 1378 chrono-

100 1397 211 1448 logia
252 1422 303 1427 —
345 1412 455 1449 quae
496 1402 654 1440 incerta
699 1404 762 1440 est
789 1401 843 1450 91)
888 1425 938 1429 —
983 1414 1113 1452 quam
1156 1403 1271 1452 quod
1313 1403 1494 1453 Satyrus
1531 1405 1656 1444 etiam
1694 1407 1736 1444 in

100 1463 194 1502 aliis
230 1464 359 1503 rebus
400 1465 470 1516 (cf.
513 1478 554 1504 n.
596 1465 666 1517 89)
712 1469 859 1506 auctor
899 1468 1075 1518 Diogeni
1113 1468 1205 1507 fuit.
1254 1469 1369 1518 Ergo
1408 1481 1474 1520 ep.
1508 1468 1558 1509 in
1597 1469 1733 1510 Paus.

102 1528 309 1579 Diogenes
337 1530 380 1568 in
410 1531 657 1570 auctoribus
687 1532 778 1570 suis
806 1531 873 1570 bis
903 1532 1084 1571 invenit:
1115 1533 1158 1571 in
1190 1534 1486 1584 Ps.-Aristippi
1514 1535 1622 1574 libro
1645 1535 1738 1587 περὶ

8 1582 43 1648 ’ξ
99 1591 279 1638 παλαιᾶς
315 1597 498 1647 τρυφῆς,
540 1607 592 1635 ex
630 1608 715 1646 quo
749 1597 802 1636 de
830 1598 1111 1647 complurium
1141 1599 1491 1648 philosophorum
1521 1601 1738 1639 amoribus

101 1660 396 1699 annotationes
426 1661 594 1711 petivit,
627 1664 755 1711 atque
782 1663 826 1701 in
856 1663 1106 1703 Heraclidae
1137 1665 1279 1703 Lembi
1310 1665 1503 1714 Epitome
1534 1667 1733 1717 Satyrea,

10 1727 36 1776 [j
101 1735 211 1773 quae
237 1725 275 1763 ei
303 1726 599 1765 annotationes
627 1727 823 1776 praebuit
852 1728 904 1766 de
934 1728 1019 1767 vita
1050 1729 1328 1778 Empedoclea
1343 1729 1417 1780 92);
1450 1741 1516 1780 ep.
1550 1729 1601 1770 in
1629 1730 1732 1770 Aer.

100 1792 241 1829 autem
270 1791 492 1830 arcessivit
520 1803 572 1830 ex
600 1804 688 1831 una
718 1793 924 1842 Epitome.

154 1855 263 1894 Fieri
302 1868 387 1895 non
426 1859 584 1907 potest,
626 1860 674 1896 ut
715 1857 899 1908 Satyrus
937 1859 1102 1908 primus
1131 1860 1173 1898 in
1205 1860 1290 1899 vita
1321 1859 1587 1910 Empedoclis
1616 1874 1736 1900 enar-

101 1920 235 1959 randa
272 1921 358 1960 duo
394 1921 463 1961 illa
502 1934 595 1972 epp.
638 1924 872 1972 protulerit.
915 1924 1022 1963 Nam
1062 1925 1267 1963 Collector
1304 1926 1386 1964 iam
1426 1926 1649 1965 coniuncta
1688 1939 1735 1966 ea

99 1985 319 2025 invenerat
348 1987 676 2037 Empedoclique
703 1989 934 2038 assignata.
969 1989 1062 2034 Qua
1092 1991 1143 2028 de
1172 2002 1301 2029 causa
1321 1991 1363 2029 in
1387 1991 1735 2041 philosophorum

100 2049 335 2100 biographo
372 2052 578 2102 scriptore
614 2054 756 2102 quarti
786 2055 942 2093 saeculi
975 2054 1027 2105 (e.
1061 2067 1100 2104 g.
1135 2056 1177 2093 in
1209 2056 1433 2095 Heraclida
1464 2057 1655 2106 Pontico)
1688 2070 1734 2096 oa

12 2105 41 2160 ζ’
99 2115 183 2155 iam
211 2120 537 2157 commemorata
577 2119 711 2157 fuisse
738 2120 989 2169 conieceriS,
1022 2131 1074 2158 ex
1103 2132 1189 2168 quo
1214 2122 1481 2160 manaverint
1509 2124 1548 2160 et
1578 2122 1618 2159 in
1645 2123 1735 2172 Syl-

20 2195 47 2226 ς·
100 2179 221 2231 logen
254 2181 540 2222 Simonideam
569 2185 609 2222 et
637 2184 680 2222 in
714 2183 917 2234 Satyrum
946 2187 987 2223 et
1015 2185 1058 2223 in
1090 2186 1386 2235 Ps.·Aristippi
1416 2186 1615 2226 libellum.

6 2289 31 2326 ¹:
99 2302 160 2337 καὶ
182 2304 377 2348 τραγῳδίας
401 2304 508 2339 αὐτὸν
530 2305 666 2350 γράψαι
691 2305 752 2340 καὶ
775 2306 986 2344 πολιτικούς.
1023 2307 1328 2352 Ἡρακλείδης
1352 2307 1391 2341 δὲ
1415 2307 1435 2339 ὁ
1458 2312 1518 2341 τοῦ
1543 2308 1734 2352 Σαραπίω-

30 2394 41 2399 ⁴
99 2371 158 2397 νος
180 2360 237 2402 (fr.
263 2361 323 2403 id.)
346 2360 465 2404 ἑτέρου
490 2361 600 2405 φησὶν
622 2360 708 2397 εἶναι
733 2362 792 2400 τὰς
817 2363 1023 2407 τραγῳδίας.
1059 2365 1141 2398 [bid.
1167 2363 1256 2408 φησὶ
1280 2363 1319 2397 δὲ
1343 2364 1551 2408 Σάτυρος
1574 2364 1619 2398 ἐν
1643 2370 1735 2402 τοῖς

101 2414 229 2454 Βίοις
260 2418 318 2459 (fr.
341 2419 404 2461 12,
438 2420 534 2452 FHG.
568 2421 626 2453 111.
657 2420 739 2461 163)
769 2419 820 2452 ὅτι
854 2419 915 2454 καὶ
948 2419 1066 2463 ἰατρὸς
1097 2419 1142 2464 ἦν
1165 2420 1225 2454 καὶ
1250 2419 1371 2464 ῥήτωρ
1396 2420 1546 2463 ἄριστος.
1582 2423 1668 2455 vill.
1694 2424 1735 2454 50

100 2472 222 2507 τοῦτόν
251 2475 447 2517 (Gorgiam)
480 2487 588 2518 φησιν
620 2474 641 2507 ὁ
670 2474 877 2519 Σάτυρος
902 2478 958 2517 (fr.
985 2477 1045 2518 id.)
1068 2475 1196 2520 λέγειν,
1228 2475 1277 2514 ὡς
1301 2475 1405 2513 αὐτὸς
1428 2479 1554 2520 παρείη
1582 2481 1630 2520 τῷ
1651 2476 1734 2520 Ἐμ-

3 2521 47 2569 {33
98 2528 267 2563 πεόοκλεῒ
283 2529 491 2573 γοητεύοντι.
532 2532 582 2565 cf.
609 2537 790 2575 praeterea
813 2533 900 2566 vui.
925 2534 978 2566 40.

143 2585 190 2628 ⁹⁰)
236 2587 414 2620 Susemihi
446 2589 510 2621 l.l.:
543 2587 604 2625 *ὥς
636 2600 746 2632 φησιν
772 2587 816 2622 Ἀ.
849 2587 910 2622 aaa*
942 2588 1005 2632 Σ.,
1038 2591 1070 2623 d.
1105 2591 1137 2623 h.
1170 2592 1348 2624 entwcder
1380 2592 1413 2624 S.
1447 2592 1501 2623 bei
1527 2593 1563 2624 Λ.
1589 2592 1672 2624 (ulcr
1696 2593 1733 2624 A.

101 2641 154 2676 bei
181 2642 237 2676 S).
271 2643 428 2676 Tertiam
455 2645 545 2677 viam
571 2646 736 2687 equidem
761 2646 1055 2688 ingressussum.
1090 2647 1186 2686 Quod
1214 2648 1248 2679 in
1274 2648 1342 2679 alio
1366 2648 1533 2689 scriptore
1558 2648 1609 2679 vix
1637 2648 1734 2688 quis-

100 2707 207 2741 quam
234 2700 456 2743 concederet,
490 2705 684 2744 utrumqne
707 2703 911 2744 scriptorem
938 2703 1135 2735 adhibitum
1161 2714 1254 2744 esse,
1287 2704 1317 2735 id
1345 2704 1378 2736 in
1405 2714 1507 2745 opere
1533 2704 1734 2743 Lacu-tiano,

1 2755 6 2783 1¹
28 2761 51 2795 ζ»
100 2760 341 2798 excerptorum
366 2758 528 2800 congerie
551 2758 610 2796 (cf.
637 2768 670 2790 n.
693 2757 771 2800 81),
795 2759 896 2791 facile
920 2759 1130 2791 admittitur.

143 2811 190 2854 91)
237 2813 471 2847 Wilamowitz
504 2814 622 2856 Antig.
659 2814 735 2848 Car.
772 2826 801 2857 p.
826 2814 869 2846 53
900 2819 1053 2848 aetatem
1088 2816 1194 2848 huius
1225 2816 1468 2848 contumeliosi
1503 2816 1607 2848 libelii
1643 2817 1732 2847 intra

100 2877 210 2901 annos
239 2868 416 2901 ι250-230
446 2869 592 2903 definiit.
627 2870 680 2904 Cf.
711 2872 888 2904 Snsemihl
924 2873 969 2905 l.i.
1000 2872 1206 2904 Tenendum}
1241 2876 1360 2904 antem
1391 2876 1444 2904 est
1471 2873 1559 2903 haur,
1582 2872 1732 2903 cirrum-

0 2917 47 2963 ἒ
100 2924 323 2966 scriptionem
360 2926 543 2967 praecipue
579 2927 643 2959 niti
679 2937 720 2959 en
757 2937 811 2969 re,
846 2928 939 2969 quod
977 2928 1144 2969 Satyrum
1179 2939 1219 2959 eo
1257 2938 1360 2959 usum
1398 2939 1473 2959 esse
1512 2929 1560 2959 vir
1595 2930 1636 2959 vl.
1669 2928 1731 2959 sihi

103 2989 305 3021 persuasum
331 2981 464 3015 habuit.

144 3035 191 3076 ⁹2)
236 3037 414 3070 Susemihi
449 3038 471 3070 Ι.
495 3037 561 3070 499
585 3049 618 3071 η,
642 3037 686 3070 39
710 3039 820 3080 igitur
844 3039 973 3071 inim-ia
998 3040 1165 3081 Satyrum
1193 3043 1292 3071 tanta
1318 3040 1458 3070 invitato
1485 3040 1590 3070 fuiss-<v
1617 3044 1732 3080 punit,

29 3087 63 3136 ,⁴-
102 3095 143 3124 ut
164 3094 257 3135 operi
282 3094 496 3136 Aristippeo,
523 3095 784 3128 mendaciorum
811 3097 929 3137 pleno,
957 3095 1059 3126 iidem
1086 3095 1258 3127 habuerit.
