2072 3568
310 249 411 303 cap.
445 244 536 301 111,
569 247 634 291 33.
1086 244 1165 288 226

312 376 569 416 Simonidem
592 375 710 416 adire
728 375 903 426 debere,
933 374 1262 426 epigrammata,
1286 384 1398 424 quae
1419 369 1660 413 Simonides
1678 370 1948 426 condiderat,
1966 383 1975 394 ⁶
2055 396 2058 403 ·

309 455 391 482 non
431 454 527 481 cum
566 442 702 492 ipsius
741 441 814 480 sed
852 440 1106 480 dedicatoria
1143 440 1313 479 nomine
1347 439 1573 479 coniuncta
1601 438 1711 479 tradi
1739 438 1947 480 solebant.

307 509 418 553 Quid
443 508 621 556 mirum,
650 507 764 557 quod
791 509 911 556 poeta
940 506 1135 555 melicus,
1165 506 1287 544 cuius
1309 505 1560 544 auctoritate
1580 504 1838 545 instructum
1857 502 1951 557 epi-

306 584 523 624 yramma
552 573 715 611 nullum
742 570 922 623 posteri
947 573 1219 621 acceperant,
1253 581 1489 620 numquam
1510 571 1557 609 ut
1576 569 1952 621 epigramm-tiens

308 638 752 677 commemorabatur?
807 638 1046 677 Paucorum
1076 638 1243 676 tantum
1272 636 1630 686 epigrammatum
1661 633 1950 676 Simonidem

307 703 598 743 auctoritatem
638 703 750 742 bono
788 703 854 742 usi
889 702 1043 741 iudicio
1072 704 1217 752 postea
1246 701 1506 740 constituere
1533 702 1729 751 poterant
1757 700 1952 741 hominm

307 780 365 808 sc.
398 781 492 819 epp.
526 769 954 819 Thermopylensium
994 768 1123 807 trium
1162 767 1235 816 91,
1275 766 1350 815 92,
1388 766 1438 806 94
1477 764 1547 816 (ex
1585 764 1826 806 Herodoteo
1858 765 1952 806 loeo

307 834 401 873 VII.
431 833 528 883 228)
563 837 604 873 et
633 834 953 884 choregicorum
983 833 1167 872 duorum
1201 832 1275 871 145
1303 835 1344 871 et
1377 831 1451 871 147
1482 831 1551 880 (ex
1582 830 1780 871 versibus
1806 830 1947 883 ipsis).

310 899 393 938 Sed
422 899 666 949 ceteroquin
695 899 748 938 de
775 898 993 938 Simonide
1015 897 1363 948 epigrammatico
1388 896 1492 936 nihil
1515 897 1625 936 scire
1647 899 1845 947 poterant
1868 896 1951 937 niel

306 977 378 1014 ea,
412 977 522 1015 quae
547 965 661 1004 fama
685 976 736 1003 ex
762 966 909 1014 poetae
932 964 1068 1014 ipsius
1094 966 1230 1003 aetate
1252 962 1435 1002 oriunda
1459 973 1533 1003 eos
1556 962 1773 1002 docuerat.
1804 961 1953 1013 Neque

307 1030 375 1069 illa
391 1030 579 1069 caruisse
595 1030 806 1069 videntur.
826 1030 908 1075 Qui
924 1030 1036 1068 enim
1052 1028 1296 1068 Aristoteles
1311 1028 1364 1067 de
1380 1027 1598 1067 Simonide
1612 1029 1787 1068 auctore
1796 1026 1952 1069 Archo.-

306 1095 424 1135 dicae
442 1096 782 1146 epigrammatis,
807 1095 929 1134 Naxii
945 1095 997 1133 de
1015 1094 1238 1133 Democriti
1255 1093 1459 1144 cogitare,
1483 1095 1612 1143 atque
1625 1092 1732 1132 adeo
1745 1091 1953 1134 Concam-

262 1150 269 1154 ”
306 1161 591 1199 collectionem
614 1160 972 1210 epigrammatum
1001 1158 1208 1198 Simonidi
1234 1158 1481 1208 inscriptam
1507 1158 1767 1198 concinnare
1789 1156 1948 1209 potuit,

308 1226 388 1264 nisi
417 1225 588 1265 traditio
617 1226 826 1276 viguisset
855 1225 907 1264 de
938 1225 1156 1263 Simonide
1185 1226 1306 1274 poeta
1334 1221 1844 1274 epigrammatographo?

363 1290 535 1342 Sylloge
562 1291 804 1330 Simonidea
830 1290 998 1330 condita
1023 1290 1270 1329 hominibus
1295 1289 1467 1329 tandem
1491 1288 1719 1329 exhibebat
1740 1288 1951 1340 epigram·

308 1359 470 1396 matum
502 1355 709 1395 Simonidi
741 1356 1051 1395 vindicatorum
1081 1356 1246 1395 seriem.
1277 1356 1431 1395 Verum
1460 1354 1573 1394 enim
1603 1365 1725 1406 vero,
1753 1365 1855 1395 cum
1881 1353 1953 1395 hie

309 1421 413 1460 liber
450 1421 584 1471 poetis
612 1421 970 1472 epigrammaticis
1001 1444 1045 1448 —
1080 1421 1295 1460 Mnasalca
1325 1423 1499 1471 excepto
1527 1442 1579 1448 —
1608 1431 1695 1460 non
1723 1419 1862 1472 magle
1889 1418 1951 1460 h·

310 1488 486 1526 miliaris
516 1488 650 1526 tuisse
679 1487 875 1526 videatur
903 1498 1033 1536 quam
1063 1486 1167 1525 viris
1195 1486 1352 1535 doctis,
1385 1486 1627 1526 testimonia
1654 1485 1714 1534 de,
1732 1484 1952 1526 Simonide

308 1553 674 1604 epigrammatico,
707 1564 817 1602 quae
845 1564 894 1591 eo
923 1553 1182 1602 innitantur,
1215 1563 1428 1602 perpauca
1457 1551 1640 1591 inveniri
1669 1561 1843 1592 neeesse
1866 1552 1947 1591 est.

362 1618 427 1656 Ex
456 1618 668 1668 quinque,
701 1629 812 1668 quae
840 1618 1070 1668 habemus,
1104 1617 1356 1657 testimoniis
1385 1618 1466 1656 tria
1497 1615 1640 1668 (1-3)
1673 1615 1847 1668 Sylloge
1872 1614 1952 1656 niu

309 1686 434 1734 puto,
476 1684 562 1723 duo
603 1682 744 1735 (4—5)
784 1683 1087 1734 scriptoribus,
1129 1683 1244 1733 apud
1281 1694 1391 1733 quos
1428 1683 1512 1722 iam
1547 1684 1648 1722 ante
1675 1681 1950 1724 eoueotorem

309 1749 541 1788 Simonidis
571 1761 725 1788 nomen
755 1761 852 1788 cum
881 1749 1188 1801 epigrammate
1215 1748 1402 1798 quodam
1430 1746 1785 1799 coniungebatur.
1815 1745 1950 1787 Tenti-

306 1815 497 1853 monium
539 1814 737 1864 quintum
783 1814 1103 1865 (Aristideum),
1149 1816 1361 1864 quantum
1404 1813 1554 1863 video,
1600 1824 1625 1852 a
1669 1812 1774 1852 viris
1813 1811 1950 1852 doctis

310 1880 500 1919 nondum
528 1880 750 1919 laudatum
778 1882 855 1919 est.

362 1946 396 1984 1.
457 1945 806 1985 Theodoridas
835 1944 1097 1984 Simonidem
1123 1940 1563 1995 epiyrammaticum
1586 1941 1772 1994 intellegi
1790 1920 1946 1994 vuinit,
1991 1933 1995 1936 ⁵

305 2022 401 2049 cum
431 2011 514 2049 ΑΡ.
541 2011 661 2050 XIII.
685 2011 734 2050 21
762 2011 1005 2050 Mnasalcae
1027 2009 1174 2060 poesin
1201 2011 1370 2049 vocaret
1394 2010 1467 2053 τᾶς
1489 2005 1756 2059 Σιμωνίόα
1778 1999 1951 2052 aldone

305 2074 625 2127 ἀποσπάραγμα
665 2075 735 2128 (cf.
772 2075 798 2127 ἓ
836 2075 946 2126 124).
994 2075 1231 2115 Referenda
1261 2075 1364 2114 haec
1393 2074 1541 2114 notitia
1569 2075 1634 2114 est
1661 2073 1716 2113 ad
1746 2072 1949 2126 Syllnssen

308 2140 616 2190 Simonideam3
660 2154 712 2181 ex
754 2142 824 2181 illa
864 2142 977 2181 enim
1017 2141 1277 2181 Mnasalcam
1315 2140 1508 2180 imitandi
1546 2140 1712 2190 copiam
1747 2139 1951 2190 petivisse

306 2206 491 2246 vidimus
523 2206 570 2259 (ἓ
603 2207 678 2247 125
708 2207 840 2257 sqq..)

358 2272 396 2311 2.
458 2273 728 2323 Meleager
765 2284 811 2312 se
849 2273 892 2311 in
929 2272 1141 2312 Coronam
1172 2272 1383 2322 recepisse
1410 2274 1593 2311 testatur
1620 2271 1691 2311 IV.
1721 2270 1768 2322 1,
1798 2270 1827 2311 8
1850 2253 1951 2312 redit

306 2335 508 2390 οἰνάνθης
535 2335 679 2390 κλῆμα
707 2335 770 2376 21
780 2335 1056 2388 μωνιὸεω
1090 2349 1190 2377 eum
1218 2347 1348 2376 usum
1377 2348 1473 2376 esse
1502 2336 1676 2388 Sylloge
1704 2335 1949 2377 Simonidoe

306 2402 505 2452 apparuit
536 2402 562 2454 ἓ
592 2402 643 2443 38
674 2402 733 2454 (et
762 2401 958 2453 passim).

359 2467 396 2506 3.
461 2467 663 2507 Suidas
705 2480 739 2507 s.
782 2480 822 2507 v.
865 2466 1113 2519 Σιμωνίδης
1153 2466 1224 2518 (cf.
1258 2468 1556 2507 Westermann
1595 2463 1743 2518 Βωγρ.
1771 2464 1950 2517 112)0t

307 2532 548 2573 Eudocia
586 2534 664 2573 882
703 2534 763 2573 Fl.
800 2534 853 2573 de
890 2537 1037 2584 poetae
1066 2533 1236 2584 scriptis
1265 2533 1423 2572 habent
1452 2533 1556 2572 haec
1585 2531 1716 2583 (quae
1740 2531 1871 2572 ante(
1893 2535 1948 2572 ex

306 2596 375 2635 illo
403 2597 654 2647 interpolata
683 2598 968 2649 legebantur
958 2611 1000 2637 1n
1030 2598 1169 2638 Schol.
1199 2599 1270 2638 Ar.
1298 2599 1423 2648 Vesp.
1454 2597 1597 2648 1411):
1625 2594 1699 2637 καὶ
1720 2595 1948 2649 γέγραπται

306 2661 423 2714 αὐτῷ
448 2661 605 2714 Δωρίδι
631 2662 835 2715 ὁιαλὲκτῳ
862 2663 884 2716 ἡ
912 2662 1152 2715 Καμβύσου
1175 2663 1248 2703 καὶ
1272 2662 1453 2715 Δαρείου
1477 2661 1663 2714 βασιλεία
1686 2660 1759 2702 καὶ
1781 2659 1969 2718 Ξέρξου·-

307 2726 608 2780 <ναυμαχιά·
637 2727 707 2768 καὶ
739 2728 762 2781 ἦ
793 2728 859 2768 ἐπ’
882 2728 1127 2781 Ἀρτεμισίῳ
1152 2730 1367 2779 Eudocia>
1392 2727 1650 2781 ναυμαχία
1674 2726 1730 2768 δι’
1747 2719 1974 2782 &ydus

306 2791 331 2843 ἡ
380 2791 419 2831 δ’
457 2791 501 2831 ἔν
543 2791 750 2845 Σαλαμῖνι
791 2792 976 2845 μελικῶς
992 2824 1000 2839 ,
1048 2793 1202 2847 θρῆνοι
1219 2824 1228 2839 ,
1275 2792 1468 2845 ἐγκώμια
1484 2822 1494 2839 ,
1541 2792 1563 2832 ἕ
1569 2790 1735 2845 πιγρά
1741 2805 1778 2844 μ
1784 2804 1947 2845 ματα,

305 2859 497 2903 παιᾶνες,
534 2857 605 2898 καὶ
642 2857 870 2910 τραγῳδίαι
907 2858 977 2898 καὶ
1015 2858 1130 2899 ἄλλα.
1174 2859 1446 2909 Quamquam
1475 2858 1715 2908 corruptela
1742 2868 1830 2898 non
1857 2855 1947 2898 min
1970 2882 1987 2889 ν

306 2922 525 2972 inquinata
568 2927 669 2963 sunt
712 2925 815 2964 haec
860 2925 989 2964 verba
1019 2925 1117 2975 1⁷⁴),
1167 2926 1310 2964 tamen
1354 2936 1439 2963 non
1482 2924 1660 2963 dubium
1702 2925 1793 2974 est,
1839 2922 1991 2973 quin<
2016 2971 2027 2978 ,

354 3069 412 3110 ¹7⁴)
460 3071 571 3104 Variis
604 3074 715 3105 modis
749 3074 843 3105 hunc
874 3073 1024 3106 indicem
1058 3075 1092 3106 in
1125 3074 1303 3116 integrum
1337 3073 1526 3106 restituere
1553 3073 1670 3105 conati
1701 3076 1788 3105 sunt
1818 3071 1882 3104 viri
1908 3068 1944 3104 d.
2011 3099 2014 3103 ,
2050 3087 2072 3108 »,·

305 3126 452 3166 (Bergk,
486 3127 526 3158 ml
561 3127 645 3160 Sim.
672 3128 712 3160 fr.
737 3127 805 3167 823).
842 3129 957 3162 Pauca
980 3130 1175 3172 attingam,
1205 3134 1322 3163 cetera
1346 3130 1414 3163 vid.
1436 3139 1490 3172 ap.
1517 3129 1797 3171 Bernhardy-nm.
1836 3128 1952 3161 cmc-⁴

2030 1342 2072 1410 *⁴3
