2072 3568
368 220 468 269 Cap.
508 218 564 257 11.
1161 216 1211 256 72

366 346 428 381 cst
473 342 704 381 ‹tollemus-i.
761 342 926 380 Etenim
971 341 1029 390 is,
1075 352 1171 380 cum
1218 340 1418 391 Syllogcn
1462 340 1714 390 adornaret,
1760 340 2009 382 recordatus

366 421 460 446 esse
500 408 666 447 videtur
702 407 815 458 apud
858 405 1121 445 Aristotelem
1161 405 1352 456 praeberi
1395 417 1566 445 versum
1605 405 1926 457 epigrammatis
1962 405 2006 447 in

368 473 639 513 Archedicam
681 472 796 522 (111)
836 482 939 510 cnm
978 469 1240 511 Simonidis
1277 469 1466 510 nomine
1501 469 1822 522 coniunctum,
1865 471 2005 523 quod,

366 538 506 589 quoad
538 538 747 587 sciamus,
782 537 862 576 nisi
893 537 934 576 in
965 536 1238 576 celeberrimo
1266 536 1357 575 loco
1387 536 1650 586 Herodoteo,
1683 547 1900 588 nusquam
1923 547 2007 578 usu

369 604 574 643 veniebat.
623 604 730 643 Cum
773 603 1060 653 epigramma,
1102 601 1215 651 quod
1256 604 1390 641 totum
1428 613 1479 641 ex
1518 601 1768 653 Thucydide
1805 601 1895 652 (vl.
1935 601 2007 653 59)

367 681 536 708 sumere
569 671 754 719 poterat,
798 667 1046 718 recepisset,
1087 667 1213 707 etiam
1245 667 1500 706 Simonideis
1529 666 1804 707 inserendum
1832 666 2011 707 duxisse

370 735 535 774 videtur
572 735 834 786 epigramma
873 733 915 772 in
955 732 1278 784 olympionicen
1307 732 1545 782 quendam,
1587 732 1711 773 cuius
1739 743 1855 773 unus
1882 732 2010 775 hexa-

367 803 498 839 meter
537 811 589 838 ne
626 799 850 839 absolutus
888 798 1060 849 quidem
1101 798 1356 838 Archedicae
1382 797 1678 848 epigrammati
1706 797 1823 849 apud
1850 796 2010 839 Aristo·

369 866 489 905 telem
522 865 818 916 praecedebat,
853 864 926 904 sed
956 864 1079 904 cuius
1108 866 1243 903 totum
1271 863 1482 903 distichon
1514 863 1641 914 paulo
1668 865 1769 904 ante
1796 862 1852 916 (1.
1876 862 1914 904 7.
1935 861 2007 914 32)

368 933 447 982 legi
479 943 562 971 non
592 931 829 982 ignorabat.

421 997 572 1047 Itaque
613 996 844 1045 terminus,
880 996 991 1046 post
1032 1007 1159 1045 quem
1202 995 1374 1045 Sylloge
1415 994 1621 1034 adornata
1658 1005 1755 1034 esse
1791 993 2006 1044 videatur,

367 1074 492 1112 quem
533 1062 614 1101 iam
655 1073 786 1112 supra
829 1060 876 1112 (ἓ
915 1060 985 1111 35)
1027 1063 1121 1111 post
1161 1060 1320 1110 Ephori
1351 1071 1522 1110 pugnae
1553 1059 1811 1100 Salaminiae
1836 1070 2009 1100 enarra·

368 1127 521 1166 tionem
549 1127 792 1178 ponendum
814 1138 908 1166 esse
929 1126 1147 1176 apparuit,
1177 1137 1291 1165 nunc
1314 1128 1409 1176 post
1431 1125 1665 1165 Aristotelis
1687 1124 2010 1166 Rhetorioomm

366 1193 522 1232 librum
566 1193 751 1243 primum
794 1193 997 1231 defertur.
1047 1192 1191 1231 Restat
1235 1193 1399 1240 autem,
1448 1194 1494 1230 ut
1533 1190 1760 1241 explicem,
1804 1189 1879 1241 qui
1916 1189 2010 1230 fiori

368 1254 572 1309 potuerit,
617 1261 662 1298 ut
691 1259 835 1298 eodem
867 1258 978 1307 loco,
1020 1269 1070 1296 ex
1101 1268 1187 1306 quo
1215 1259 1516 1306 argumentum
1546 1256 1777 1306 petivimus
1806 1254 2009 1307 Syllogen

369 1324 589 1363 Aristotele
628 1335 723 1362 esse
765 1322 1066 1373 posteriorem,
1113 1322 1180 1361 hic
1222 1321 1542 1372 epigrammatis
1587 1321 1659 1360 111
1706 1319 1850 1361 versui
1886 1319 2011 1360 tertio

367 1389 532 1428 adicere
573 1389 757 1438 potuerit
799 1399 952 1427 nomen
999 1387 1254 1435 Simonidis,
1300 1398 1387 1436 quo
1422 1389 1537 1426 earet
1573 1385 1836 1437 epigramma
1874 1386 2010 1425 totum

368 1454 481 1503 apud
531 1453 820 1504 Thucydidem
872 1453 942 1492 VI.
995 1453 1059 1492 59.
1122 1452 1212 1491 Iam
1263 1451 1449 1491 vidimus
1500 1450 1526 1502 ἓ
1575 1451 1627 1491 22
1677 1449 1866 1490 Kaibelio
1914 1449 2011 1490 aliis

372 1518 923 1568 (Schmidt—Reitzenstein
968 1518 1067 1557 PW.
1091 1518 1242 1557 -ΗΕ,
1291 1517 1324 1556 1.
1372 1516 1496 1566 2380)
1541 1517 1679 1567 ipsam
1720 1515 2009 1557 condicionem

371 1584 479 1623 inter
509 1587 741 1634 utrumque
768 1585 907 1623 locum
936 1584 1061 1623 talem
1091 1595 1186 1623 esse
1216 1583 1374 1633 visam,
1407 1586 1454 1622 ut
1486 1582 1687 1633 Syllogen
1716 1581 1827 1622 aule
1850 1580 2011 1621 Aristo·

372 1650 492 1689 telem
523 1650 818 1689 concinnatam
847 1660 942 1688 esse
970 1649 1288 1688 constituerent.

424 1715 686 1764 Aristoteles,
721 1716 947 1764 postquam
978 1714 1238 1753 Rhet.1.9.
1276 1712 1291 1752 1
1326 1725 1419 1763 sqq.
1453 1713 1657 1752 disseruit
1683 1711 1738 1752 de
1764 1669 1944 1752 honesto
1968 1712 2011 1752 et

371 1780 507 1830 turpi,
541 1783 687 1831 utpote
714 1792 824 1830 quae
853 1780 1069 1819 materiem
1094 1779 1260 1818 dicendi
1284 1778 1489 1829 praebent
1512 1778 1587 1827 iis,
1619 1778 1694 1828 qui
1717 1777 1922 1818 laudandi
1944 1776 2010 1817 vd

369 1846 638 1895 vituperandi
659 1858 789 1885 causa
806 1845 935 1884 verba
953 1845 1134 1894 faciunt,
1158 1844 1408 1894 definiitque
1423 1844 1617 1894 singulas
1634 1843 1870 1883 virtuteset
1885 1841 2006 1892 vitia,

370 1911 571 1960 praecipit
607 1911 765 1950 oratori
803 1922 900 1950 cum
936 1910 1040 1960 alia,
1083 1921 1194 1959 quae
1221 1909 1264 1948 in
1294 1909 1538 1949 laudatione
1564 1908 1601 1948 ei
1630 1904 2009 1949 animadvertenda

369 1978 492 2026 sunt,
534 1979 624 2015 111111
655 1977 980 2016 memorandum
1008 1976 1044 2015 ei
1074 1987 1190 2025 esse,
1230 1975 1263 2014 si
1294 1975 1393 2025 quis
1422 1974 1574 2014 melius
1601 1977 1642 2013 et
1671 1972 1892 2025 pulchrius
1919 1984 2008 2014 rem

368 2042 546 2091 gesserit
583 2053 713 2091 quam
751 2042 831 2092 ipsi
869 2042 1098 2081 convenire
1132 2040 1375 2080 videbatur:
1415 2042 1484 2089 ut,
1527 2039 1562 2078 si
1592 2039 1691 2089 quis
1718 2039 1762 2078 in
1791 2037 2010 2090 prosperis

368 2106 538 2156 quidem
587 2106 715 2146 rebus
762 2107 1029 2156 moderatus,
1080 2107 1122 2145 in
1172 2105 1366 2146 adversis
1414 2117 1516 2145 vero
1562 2116 1719 2155 magno
1762 2106 1804 2144 et
1843 2102 2011 2144 excelso

368 2172 511 2211 animo
546 2174 632 2221 est,
675 2173 759 2212 aut
788 2170 1032 2223 potentior
1067 2171 1218 2211 factus
1257 2171 1389 2211 tanto
1427 2169 1624 2222 aequior
1661 2169 1704 2210 et
1723 2166 2012 2221 plaoabilior

371 2236 415 2288 (ἢ
449 2236 608 2288 μείζων
643 2235 887 2289 γιγνόμενος
920 2234 1095 2288 βελτίων
1127 2235 1198 2276 καὶ
1233 2234 1705 2287 καταλλακτικώτερος).
1751 2234 1844 2275 Ηοο
1870 2234 2011 2275 tribas

370 2302 552 2342 illustrat
580 2303 805 2353 exemplis:
842 2304 1029 2342 τοιοῦτον
1059 2300 1105 2342 δὲ

529 2366 584 2407 τὸ
622 2370 712 2407 τοῦ
744 2365 1087 2419 Ἰφικράτους
1209 2366 1267 2413 ’ἐξ
1294 2366 1399 2407 οἴων
1427 2366 1483 2411 εἰς
1512 2364 1591 2406 oln’
1786 2363 1859 2407 καὶ

530 2430 583 2472 τὸ
621 2435 711 2473 τοῦ
743 2430 1171 2484 Ὀλυμπιονίκου
1211 2430 1390 2484 ’πρόσθε
1419 2462 1428 2471 .
1450 2462 1459 2471 .
1481 2462 1490 2471 .
1511 2461 1520 2471 .
1555 2428 1760 2484 τραχεῖαν’
1786 2429 1861 2472 καὶ

530 2495 583 2536 τὸ
620 2500 714 2537 τοῦ
751 2496 1071 2548 Σιμωνίδου
1212 2498 1250 2550 ’ἣ
1282 2527 1290 2536 .
1313 2527 1322 2536 .
1344 2527 1352 2536 .
1374 2527 1382 2535 .
1417 2494 1661 2548 τυράννων’.

370 2563 638 2612 Quamquam
668 2563 858 2602 condicio
887 2563 996 2602 inter
1019 2563 1181 2603 dictum
1206 2574 1433 2603 carmenve
1456 2565 1584 2612 atque
1609 2573 1763 2601 nomen
1787 2561 2009 2613 proprium

370 2629 434 2665 ter
471 2628 666 2677 genetivo
703 2640 805 2667 casu
844 2631 908 2667 est
944 2628 1150 2678 indicata,
1193 2630 1334 2667 tamen
1373 2628 1454 2667 alia
1492 2628 1613 2667 aliter
1650 2630 1715 2667 est
1742 2626 2006 2678 explicanda.
2070 2632 2072 2634 '

370 2692 476 2730 Nam
515 2704 611 2731 cum
652 2693 793 2731 verbis
830 2691 876 2732 τὸ
915 2695 987 2733 τοῦ
1026 2691 1275 2744 Σιμωνίδου
1309 2693 1575 2744 significetur
1606 2693 1866 2733 Simonidem
1893 2702 2010 2733 aue-

370 2759 539 2796 torem
586 2769 680 2797 esse
725 2758 1047 2808 epigrammatis
1093 2759 1145 2797 in
1193 2758 1467 2798 Archedicam
1484 2788 1494 2808 ,
1546 2756 1592 2797 τὸ
1639 2759 1712 2797 τοῦ
1747 2754 2026 2810 Ἰφικράτους·

370 2822 649 2873 intellegenda
691 2826 793 2862 sunt
829 2823 883 2862 de
924 2824 1234 2874 Iphicratis
1276 2824 1422 2863 dicto
1463 2824 1525 2863 de
1567 2835 1623 2863 se
1665 2824 1807 2873 ipso,
1851 2819 1899 2862 τὸ
1933 2823 2010 2862 τοῦ

363 2885 693 2938 Ὀλυμπιονίκου
746 2889 977 2938 respiciunt
1028 2889 1313 2928 cuiusdam
1366 2901 1538 2928 versum
1587 2890 1637 2927 in
1687 2877 2008 2939 olympionicen

370 2953 631 3001 quendam.
674 2954 919 2992 Aristoteles
948 2956 1088 2993 autem
1120 2966 1356 3004 numquam
1385 2954 1496 2994 dicto
1525 2953 1751 3004 Iphicratis
1781 2952 2010 3003 versuiqua

371 3018 688 3067 Olympionicae
716 3019 960 3069 genetivum
990 3019 1138 3058 latiore
1166 3031 1295 3058 sensu
1325 3019 1615 3067 adiunxisset,
1649 3018 1730 3057 nisi
1759 3017 1887 3067 paulo
1909 3019 2010 3057 ante

373 3080 425 3130 (1.
461 3082 496 3120 7.
530 3082 599 3131 32)
633 3083 723 3132 ipse
751 3084 793 3122 in
824 3083 1031 3122 eiusmodi
1060 3084 1429 3134 argumentatione
1456 3084 1719 3134 epigramma
1747 3082 1790 3121 in
1819 3080 2008 3133 Olympi·
