2072 3568
0 585 5 612 i

0 614 5 632 1

0 648 5 670 Γ

0 706 5 729 l

0 732 4 766 ,i

0 768 5 802 ,[

0 808 5 827 r

0 895 4 910 1

0 1022 19 1061 1

0 1094 6 1164 {

889 227 938 267 17
1501 228 1525 281 ἓ
1559 230 1629 279 13,
1665 231 1726 270 14.

93 351 316 392 deterritas
357 361 478 400 esse,
524 351 754 400 quominus
797 353 1019 392 stationem
1062 355 1272 392 tenerent:
1324 353 1561 404 Spartiatas
1604 357 1731 405 atque

93 417 388 467 Thespienses.
441 416 548 455 Cum
577 419 719 455 autem
751 417 990 467 Spartiatae
1019 419 1218 467 peculiari
1247 420 1370 469 cippo
1398 423 1526 469 atque
1554 422 1730 471 inscrip-

93 483 207 522 tione
233 482 288 520 ab
312 482 692 531 Amphictyonibus
717 483 913 522 honorati
938 484 1045 533 sint,
1079 484 1402 534 Thespiensium
1429 488 1570 524 autem
1595 487 1731 525 honor

93 547 318 598 peculiaris
347 548 461 597 apud
492 548 755 586 Herodotum
785 560 870 587 non
901 551 1271 599 commemoretur,
1315 551 1580 600 Herodotus,
1617 552 1730 589 Pelo-

93 613 396 663 ponnesiorum
434 613 696 662 epigramma
735 625 831 652 cum
861 613 914 652 ad
944 625 1016 652 eos
1045 626 1216 664 quoque
1244 616 1454 664 pertinere
1482 616 1614 665 dicat,
1657 617 1730 665 qui

93 690 190 718 cum
225 678 409 716 Leonida
445 678 498 716 ad
533 690 668 717 unum
697 690 845 729 omnes
874 679 1081 718 interfecti
1111 680 1218 728 sint,
1263 681 1323 719 sic
1351 682 1515 719 tautum
1548 682 1730 731 intellegi

93 744 251 792 potest,
293 745 339 781 ut
376 743 447 781 illo
475 743 780 797 epigrammate
808 745 926 783 iuxta
957 745 1286 794 Peloponnesios
1316 747 1598 796 Thespienses
1627 760 1730 797 quo-

93 820 176 858 que
203 808 258 847 ab
286 808 667 858 Amphictyonibus
696 810 890 848 celebrati
921 821 1015 848 esse
1045 810 1283 849 videantur.
1332 811 1382 849 Id
1411 814 1551 850 autem
1583 825 1729 851 revera

93 873 250 912 factum
293 884 388 912 esse
428 873 531 911 mihi
573 885 753 923 prorsus
795 874 1040 913 incredibile
1081 877 1158 913 est.
1205 875 1311 920 Quis
1340 876 1451 914 enim
1481 879 1571 915 tum
1602 878 1730 916 Thes-

93 938 303 988 piensium
356 949 509 976 nornen
561 938 602 976 in
653 939 958 989 epigrammate
1007 951 1091 978 non
1140 940 1433 980 desiderabit?
1490 941 1596 986 Quis
1645 954 1728 981 nou

93 1002 317 1042 mirabitur
358 1003 688 1053 Amphictyones
732 1016 816 1042 non
860 1004 1104 1044 dubitantes
1146 1006 1281 1044 colere
1322 1018 1468 1045 eorum
1518 1029 1566 1033 -—
1616 1007 1730 1045 Pelo-

92 1068 321 1118 ponnesios
363 1068 456 1107 dico
498 1090 549 1095 ——
591 1069 859 1119 memoriam,
906 1070 978 1119 qui
1024 1071 1165 1109 Persis
1203 1071 1393 1120 undique
1430 1072 1730 1121 ingruentibus

91 1133 266 1172 domum
307 1134 638 1183 abscessissent,
685 1146 780 1173 cum
825 1135 867 1173 in
911 1135 1065 1174 horum
1107 1136 1299 1185 ipsorum
1342 1137 1462 1175 titulo
1500 1149 1731 1187 generosae

92 1199 257 1248 gentis,
308 1210 417 1249 quae
463 1199 570 1237 mori
613 1200 859 1249 maluisset,
912 1201 1115 1240 honorem
1160 1223 1210 1228 —
1253 1202 1422 1240 nomine
1465 1214 1518 1241 ne
1559 1204 1730 1242 laudato

92 1264 262 1313 quidem
296 1267 352 1292 —-'
375 1264 829 1314 comprehendissent?
875 1265 1155 1315 Exploratum
1185 1268 1269 1316 est,
1294 1267 1483 1317 -opinor,
1526 1268 1728 1306 Herodoti

93 1329 285 1370 notitiam
313 1340 408 1368 esse
435 1329 601 1368 falsam.

146 1395 264 1434 Idem
301 1396 443 1434 autem
483 1394 726 1433 Herodotus
766 1395 1093 1445 Thespiensium
1128 1396 1327 1436 virtutem
1359 1398 1520 1436 virilem
1550 1400 1729 1438 testatus

91 1462 168 1499 est.
215 1460 375 1500 Omnes
412 1460 522 1499 enim
562 1460 663 1499 socii
698 1472 794 1499 cum
827 1461 1065 1510 Spartiatas
1094 1462 1404 1512 deseruissent,
1448 1464 1729 1513 Thespienses

92 1525 170 1564 soli
207 1527 506 1564 remanserunt
543 1525 671 1574 idque
707 1526 974 1564 libentissimi
1011 1525 1193 1576 (ἑκόντες
1220 1525 1418 1578 μάλιστα,
1461 1540 1571 1578 quae
1600 1530 1728 1569 verba

16 1635 23 1641 Q
68 1588 209 1629 ‘addit
245 1592 417 1640 propter
455 1590 681 1629 Thebanos
718 1612 770 1618 —-
809 1591 893 1629 vid.
930 1590 955 1641 ἓ
989 1591 1036 1630 15
1065 1613 1139 1641 -—,
1181 1604 1290 1641 quos
1319 1593 1475 1632 invitos
1505 1595 1730 1633 retinuisse

93 1655 321 1694 Leonidam
359 1655 531 1706 tradit),
575 1655 618 1694 οἳ
649 1654 728 1694 οὐκ
767 1655 932 1707 ἔφασαν
970 1655 1242 1701 ἀπολιπόντες
1280 1656 1497 1697 Λεωνίὸεα
1535 1658 1604 1698 καὶ
1635 1658 1730 1701 τοὺς·

91 1718 181 1772 μετ’
198 1718 327 1759 αὐτοῦ
348 1717 678 1765 ἀπαλλάξεσθαι,
705 1718 806 1759 ἀλλὰ
827 1720 1146 1771 καταμείναντες
1166 1721 1462 1762 συναπέθανον
1485 1723 1592 1773 (cap.
1613 1725 1724 1774 222).

93 1785 324 1834 Postquam
363 1785 630 1824 Immortales
667 1785 956 1836 advenerunt,
1003 1798 1048 1825 se
1087 1790 1336 1837 receperunt
1375 1800 1470 1827 cum
1504 1789 1728 1839 Spartiatis

92 1850 145 1888 ad
169 1850 403 1900 tumulum,
437 1850 510 1889 ubi
535 1851 588 1889 ad
614 1863 748 1889 unum
773 1863 921 1890 omnes
946 1853 1206 1901 praeclaram
1233 1855 1409 1892 mortem
1433 1855 1729 1904 oppetiverunt

94 1913 203 1966 (cap.
236 1914 347 1966 225).
381 1916 542 1955 Nomen
572 1916 663 1955 eius
692 1928 885 1967 quoque,
919 1918 991 1967 qui
1013 1918 1122 1957 inter
1145 1919 1426 1968 Thespienses
1449 1921 1726 1959 fortissimum

92 1990 138 2018 se
156 1980 386 2029 praestitit,
420 1983 655 2020 memoratu
676 1982 855 2032 dignum
876 1983 1067 2022 habitum
1088 1986 1152 2022 est
1175 1983 1282 2034 (cap.
1304 1985 1394 2034 227,
1428 1986 1479 2024 cf.
1499 1986 1576 2024 226
1597 1986 1723 2035 init.).

91 2042 203 2084 Num
233 2045 450 2094 probabile
477 2048 541 2085 est
569 2047 674 2085 tales
704 2047 842 2097 viros,
885 2059 1070 2097 quorum
1099 2049 1266 2087 devotio
1299 2049 1535 2099 Spartanae
1564 2051 1727 2090 fortitu-

90 2109 179 2149 dini
213 2110 395 2150 fortasse
429 2112 727 2161 praeponenda
757 2115 821 2151 est
849 2112 926 2162 22),
969 2113 1023 2152 ab
1053 2114 1434 2164 Amphictyonibus
1465 2116 1579 2155 nulla
1610 2128 1728 2166 prae-

12 2177 35 2225 {a
90 2174 298 2215 dicatione
334 2176 565 2215 honoratos
602 2188 718 2226 esse,
761 2189 857 2216 cum
896 2178 950 2217 ab
987 2178 1136 2217 iisdem
1177 2179 1492 2229 Peloponnesii,
1536 2182 1607 2230 qui
1638 2183 1728 2219 tuto

79 2240 264 2280 ssdomum
293 2242 515 2291 abiissent,
550 2245 722 2292 propter
746 2243 908 2292 priores
934 2255 1102 2294 pugnas
1127 2245 1248 2283 titulo
1273 2245 1389 2294 digni
1415 2245 1585 2284 iudicati
1611 2245 1726 2284 sint?

92 2305 183 2346 Non
221 2306 384 2356 opinor.
433 2307 698 2346 Sumendum
734 2309 813 2347 erit
842 2309 1124 2358 Thespienses
1155 2332 1204 2336 —
1236 2312 1281 2348 ut
1314 2310 1575 2359 Spartiatas,
1617 2322 1726 2359 quos

91 2370 285 2411 deserere
313 2372 549 2412 noluissent
576 2394 628 2400 —
658 2374 859 2422 peculiari
890 2376 1164 2413 monumento
1193 2375 1424 2414 celebratos
1453 2387 1547 2414 esse
1575 2376 1642 2425 Εἴ).

134 2535 182 2578 22)
227 2536 334 2571 Grote
366 2538 405 2571 H.
437 2539 476 2571 of
505 2539 563 2572 Gr.
590 2539 616 2572 V
649 2551 679 2582 p.
703 2540 742 2572 91
770 2540 932 2580 (Americ.
960 2540 1048 2581 e‹l.):
1083 2539 1178 2583 ‘they
1203 2542 1380 2583 ‹lisplayed
1408 2552 1494 2574 even
1521 2552 1615 2574 more
1641 2543 1726 2575 thau

7 2585 61 2641 {ff
90 2591 239 2635 Spartan
273 2595 441 2636 heroism,
474 2596 570 2629 since
600 2597 686 2638 they
722 2607 812 2630 were
847 2601 906 2629 not
940 2598 1052 2629 under
1080 2598 1160 2630 that
1183 2598 1312 2639 species
1336 2599 1374 2630 os
1394 2599 1588 2636 ‹zonstmint
1613 2599 1724 2631 which

6 2647 57 2678 '‘'3
91 2649 199 2684 nrbes
222 2650 310 2684 from
334 2652 395 2684 the
419 2653 591 2695 necessity
616 2653 654 2685 of
675 2654 794 2694 acting
819 2664 865 2695 up
889 2658 924 2686 to
949 2664 967 2685 a
995 2654 1265 2695 preestablished
1292 2655 1382 2686 fame
1404 2655 1470 2687 111111
1494 2656 1726 2697 superiority‘.

92 2703 144 2739 cf,
168 2705 342 2740 Delbn'iek
365 2708 458 2741 infra
482 2709 656 2742 laudatus.

134 2760 182 2802 2³)
229 2763 408 2805 Fuerunt,
448 2765 508 2807 qui
549 2769 716 2807 putarent
755 2765 813 2805 (cs.
865 2767 973 2807 Bergk
1013 2777 1043 2808 p.
1079 2765 1159 2805 428)
1193 2766 1460 2808 Thespiensium
1499 2772 1727 2800 monumento

23 2809 65 2858 ⁶„
93 2817 275 2861 inscriptos
313 2820 420 2854 fuisse
460 2821 638 2854 Philiadae
679 2821 893 2863 Megarensis
933 2823 1139 2863 cuiusdam,
1184 2827 1304 2864 poetae
1344 2824 1546 2865 ceteroquin
1589 2834 1727 2865 prm-<us

92 2873 220 2916 ignoti,
252 2885 390 2916 versus,
423 2877 483 2919 qni
509 2878 703 2910 laudantur
726 2878 815 2919 apud
841 2877 1062 2919 Stephanum
1089 2878 1167 2920 Byz.
1193 2889 1221 2910 v.
1247 2876 1414 2910 Θέσπεια·

399 2930 524 2975 ἄνδρες
549 2931 590 2965 θ’
610 2932 650 2966 οἷ’
664 2931 745 2966 ποτ’
765 2932 879 2966 ἔναιον
903 2932 971 2965 ὑπὸ
995 2932 1187 2976 κροτάφοις
1208 2932 1418 2971 Ἑλικῶνος,

487 2986 613 3032 λήματι
638 2992 708 3022 τῶν
731 2987 837 3032 αὐχεῖ
857 2988 1007 3023 Θεσπιὰς
1032 2988 1235 3032 εὐρύχορος.

93 3039 309 3084 Stephanum
348 3055 450 3078 usum
487 3055 562 3078 esse
600 3046 784 3079 Herodiani
819 3047 980 3079 prosodia
1013 3047 1147 3078 Cathol.
1181 3047 1298 3078 docuit
1333 3047 1435 3078 Lentz
1468 3047 1668 3083 (Herodian.
1704 3048 1724 3079 Ι.

43 3094 176 3141 -12280,
206 3097 267 3139 18,
298 3100 340 3133 cf.
366 3101 518 3144 annot),
550 3101 644 3134 hunc
676 3105 795 3135 autem
828 3103 1043 3144 epigramma
1078 3103 1266 3144 sumpsisse
1299 3112 1338 3134 ex
1373 3102 1507 3135 Cornua
1532 3103 1726 3143 Meleagron

51 3151 62 3163 ‚,

1572 3159 1592 3191 2
