2072 3568
917 222 993 267 163
1235 198 1240 201 ⁷
1645 224 1671 282 ξ
1702 225 1766 271 92.

137 350 219 404 ipsi
245 350 408 402 deberi,
442 349 516 392 sed
539 363 592 391 ex
615 351 930 402 exemplaribus
955 353 1156 392 subiectis
1184 352 1297 404 (VII.
1315 352 1470 393 1-432
1486 365 1538 393 ex
1552 365 1767 395 manuscr.

74 454 93 467 ,,
137 418 350 459 Michaelis
389 418 666 466 Chartularii‚
708 417 919 456 432—497
956 429 1009 456 ex
1046 419 1178 457 altero
1215 418 1341 469 msc.)
1372 422 1650 469 propagatam
1679 432 1773 459 esse

136 482 278 525 docuit
316 482 592 522 Stadtmiiller
619 481 705 532 135).
752 483 804 520 In
845 483 915 521 illo
957 483 1172 522 Michaelis
1209 484 1439 533 exemplari
1478 485 1513 524 G
1546 497 1771 524 numerum

138 556 197 588 ΤΗ
241 565 293 580 =
338 547 417 587 350
463 548 678 597 appictum
725 547 947 586 invenerat
988 548 1309 599 epigrammati,
1360 550 1474 598 quod
1517 550 1560 588 in
1604 551 1771 600 vulgari

136 612 284 652 ordine
318 614 382 652 est
420 612 565 652 34811111.
613 613 814 651 Litteram
853 621 888 651 M
927 630 978 645 =
1019 613 1123 664 (Τ)Μ
1162 631 1214 646 =
1252 615 1329 654 340
1366 616 1497 665 igitur
1534 617 1771 666 appositam

73 692 95 709 ·2
136 680 433 729 expectaveras
461 678 779 728 epigrammati,
799 679 908 729 post
937 679 1052 727 quod
1080 690 1144 728 ep.
1174 679 1251 718 348
1280 680 1488 718 decimum
1518 683 1582 719 est
1602 682 1628 719 i.
1648 693 1682 720 e.
1703 693 1767 731 ep.

73 735 91 778 -ῗ
136 743 230 782 VII.
267 743 365 782 340:
408 743 676 782 intercedunt
717 743 830 781 enim
872 743 983 782 inter
1024 744 1103 783 hoc
1145 746 1185 782 et
1225 745 1329 783 illud
1371 747 1632 796 epigramma
1673 758 1767 796 epp.

6 807 10 846 ε
135 819 287 848 novem
328 808 562 857 341—343,
609 807 686 847 344
717 819 767 857 a,
815 807 892 847 344
923 808 971 858 b,
1017 807 1129 858 3442
1176 809 1400 849 345-347.
1461 812 1588 851 Extat
1631 814 1771 851 autem

7 862 9 866 ’
83 888 86 911 s
135 876 357 912 numerus
379 881 413 911 Μ
451 873 506 912 ad
543 884 608 922 ep.
647 873 905 922 praecedens
939 874 1034 912 VII.
1067 874 1144 913 339
1155 886 1165 922 ;
1202 886 1304 925 ergo
1339 877 1413 914 aut
1447 877 1533 915 duo
1567 889 1661 927 epp.
1694 889 1772 927 pro

6 959 7 962 =
135 949 222 977 uno
249 939 490 988 computata
519 938 737 987 videntur,
782 940 856 977 aut
885 950 1020 977 unum
1049 951 1114 988 ep.
1147 941 1304 978 temere
1333 941 1583 990 neglectum.
1633 942 1772 982 Stadt-

1 1013 9 1034 1
65 991 286 1054 *smiiller
323 1015 412 1042 rem
451 1003 511 1042 sic
546 1003 712 1042 solvere
741 1004 874 1042 voluit
906 1002 970 1055 (II
997 1016 1038 1054 p.
1073 1005 1179 1043 XIII
1209 1006 1249 1043 et
1277 1017 1377 1044 ann.
1411 1007 1464 1044 ad
1494 1019 1534 1056 p.
1567 1007 1666 1057 234,
1700 1006 1767 1058 5),

135 1069 183 1108 ut
218 1070 422 1108 statueret
460 1069 750 1109 Correctorem
789 1081 874 1108 non
915 1070 1252 1119 praetermisisse
1289 1082 1353 1120 ep.
1386 1071 1463 1110 344
1494 1070 1541 1121 b,
1584 1074 1699 1121 quod
1727 1073 1771 1111 in

134 1133 216 1174 ΔΡ.
249 1136 344 1184 post
371 1146 437 1184 ep.
466 1134 545 1174 350
572 1135 615 1173 in
646 1146 757 1173 nova
786 1135 943 1174 decade
970 1136 1137 1185 legitur,
1170 1136 1213 1174 in
1243 1147 1328 1184 qua
1358 1148 1505 1175 revera
1535 1138 1772 1187 neglectum

66 1202 94 1246 -J
133 1200 198 1239 est
227 1197 292 1250 (τξ
318 1217 371 1232 =
398 1199 476 1239 360
500 1200 612 1238 enim
638 1211 747 1239 aser.
773 1202 837 1239 est
861 1201 915 1239 ad
939 1212 1004 1250 ep.
1024 1200 1103 1240 358
1127 1203 1223 1250 post
1247 1215 1291 1240 τν
1314 1218 1367 1233 =
1391 1201 1469 1241 350
1493 1202 1546 1240 ad
1571 1213 1635 1252 ep.
1656 1202 1766 1252 348).

85 1262 92 1298 ᾗ
134 1262 253 1310 Quae
286 1265 394 1304 ratio
428 1277 513 1304 non
543 1267 722 1304 constat.
770 1266 879 1304 Tum
907 1266 1020 1304 enim
1049 1266 1345 1316 epigrammati
1375 1267 1468 1305 VII.
1500 1266 1591 1306 347
1615 1268 1771 1317 apponi

74 1334 115 1379 {fg
133 1327 337 1368 debuerat
365 1341 572 1369 numerus
602 1339 661 1369 TN
691 1347 742 1362 =
771 1330 862 1370 350.
895 1331 1088 1382 Neglexit
1113 1333 1253 1371 autem
1280 1344 1319 1370 v.
1340 1332 1389 1371 cl.
1409 1343 1473 1381 ep.
1487 1333 1580 1371 VII.
1601 1332 1698 1372 344*
1719 1350 1772 1365 =

71 1383 228 1433 ῘῙἈἨῙ.
270 1394 373 1444 187,
424 1395 539 1444 quod
581 1395 624 1433 in
668 1395 926 1435 editionibus
969 1398 1068 1435 ante
1108 1408 1172 1446 ep.
1215 1397 1292 1436 345
1335 1397 1478 1436 iterari
1521 1409 1606 1436 non
1650 1398 1766 1437 solet.

134 1458 296 1499 Revera
342 1460 473 1511 igitur
514 1461 710 1499 undecim
757 1472 851 1511 epp.
892 1461 936 1499 in
979 1462 1195 1500 Michaelis
1237 1462 1466 1511 exemplari
1508 1474 1586 1512 pro
1628 1463 1770 1502 decem

134 1525 490 1574 numerabantur;
526 1526 640 1575 quod
669 1526 762 1564 fieri
791 1538 877 1565 non
906 1527 1042 1576 potuit
1071 1527 1154 1565 nisi
1182 1527 1352 1566 duobus
1380 1527 1698 1577 epigrammatis
1726 1529 1770 1567 in

78 1579 107 1634 ,ᾗ
134 1589 294 1630 calculo
320 1602 399 1640 pro
426 1602 514 1629 uno
543 1590 712 1629 habitis.
766 1591 856 1630 Hoc
887 1591 1010 1630 unice
1037 1603 1121 1630 usu
1151 1592 1297 1631 venire
1326 1592 1461 1641 potuit
1489 1593 1532 1630 in
1561 1593 1770 1643 epigram-

79 1647 118 1709 ἶ.
133 1651 258 1694 matis
293 1655 378 1694 iam
416 1658 670 1706 argumento
707 1658 798 1695 arte
835 1657 1007 1696 conexis
1040 1657 1163 1696 344a
1191 1659 1319 1706 atque
1346 1657 1423 1696 344
1441 1656 1485 1706 b;
1525 1669 1628 1708 ergo
1656 1659 1771 1708 apud

76 1709 102 1758 ῘΞ,
134 1718 398 1770 Michaelem,
441 1721 514 1770 qui
552 1721 646 1770 ipso
680 1721 865 1771 Cephala
895 1733 1003 1761 usus
1031 1724 1144 1772 erat,
1186 1734 1250 1772 ep.
1278 1722 1355 1761 344
1373 1722 1398 1762 b
1427 1723 1646 1773 legebatur
1675 1726 1770 1774 post

72 1780 105 1826 ⁴22
132 1794 198 1834 ep.
230 1784 307 1824 344
331 1796 374 1825 a.

187 1849 552 1900 computationem
573 1853 714 1890 autem
735 1852 1091 1902 epigrammatum
1112 1864 1197 1891 non
1219 1853 1476 1892 Chartularii
1495 1853 1631 1902 ipsius
1651 1866 1766 1904 esse,

134 1913 207 1953 sed
235 1914 288 1953 ad
314 1915 543 1965 Cephalam
568 1917 710 1966 ipsum
737 1928 956 1956 recurrere
978 1906 1094 1956 h'isce
1116 1917 1287 1956 duobus
1311 1919 1573 1968 argumentis
1599 1919 1769 1968 probari

69 1972 261 2032 43'hputo:
303 1980 515 2031 primum,
561 1982 676 2031 quod
718 1994 804 2021 non
848 1983 986 2021 solum
1028 1983 1143 2021 illius
1184 1983 1462 2033 Anthologiae
1504 1985 1771 2034 Cephalanae

79 2035 365 2095 ff‘l-'exemplan
405 2046 480 2085 sed
507 2047 634 2086 etiam
663 2047 867 2098 alterum,
900 2059 986 2097 quo
1016 2047 1048 2087 C
1076 2059 1184 2087 usus
1213 2050 1299 2098 est,
1333 2061 1535 2088 numeros
1563 2050 1768 2089 decadum

76 2114 117 2167 ς),
133 2109 340 2159 ascriptos
365 2110 569 2162 habebat,
602 2112 775 2162 deinde,
809 2112 924 2162 quod
949 2113 1064 2157 hano,
1080 2113 1218 2162 ipsam
1239 2113 1593 2163 epigrammatum
1618 2116 1768 2154 seriem

75 2166 107 2231 ‘55
133 2172 418 2224 Cephalanam
465 2177 580 2227 apud
626 2178 871 2216 Michaelem
918 2189 1004 2217 non
1051 2178 1247 2217 undecim
1292 2179 1366 2217 sed
1408 2179 1628 2219 duodecim
1671 2193 1764 2231 epp.

79 2240 393 2290 complexam
420 2253 536 2292 esse,
569 2254 666 2281 cum
695 2243 990 2293 epigrammati
1019 2243 1096 2282 345
1124 2243 1389 2282 adiunxisset
1417 2256 1481 2294 ep.
1500 2246 1594 2284 VII.
1619 2246 1697 2285 450
1726 2246 1767 2284 in

131 2301 418 2345 'Philaenidem
446 2307 663 2356 quandam
693 2308 1009 2358 cognominem,
1042 2309 1223 2347 testatur
1250 2309 1471 2348 Corrector
1495 2310 1565 2359 (cf.
1585 2310 1764 2350 Stadtm.

82 2362 174 2418 esszp.
206 2369 296 2419 XV;
339 2382 380 2421 p.
413 2371 491 2411 232
533 2373 576 2411 in
619 2384 720 2412 ann.
762 2373 816 2412 ad
858 2385 899 2422 p.
932 2372 1073 2423 231,5;
1118 2385 1157 2423 p.
1191 2373 1267 2412 314
1306 2374 1359 2413 ad
1399 2386 1439 2424 p.
1472 2374 1594 2424 313,7
1633 2374 1764 2425 sqq.).

88 2432 266 2481 {fotuns
302 2436 620 2487 epigrammatis
658 2450 755 2478 cum
794 2438 902 2477 ratio
923 2438 1082 2477 'habita
1121 2450 1206 2477 non
1241 2439 1295 2477 sit
1323 2439 1366 2477 in
1395 2439 1487 2478 eius
1515 2440 1768 2490 exemplaris

84 2497 337 2551 {decadum
366 2503 578 2553 numeris,
611 2503 805 2553 sequitur
834 2503 1079 2542 Michaelem
1109 2515 1194 2542 non
1224 2503 1364 2554 ipsum
1394 2504 1630 2544 instituisse
1658 2517 1768 2544 com-

7 2598 11 2602 .
132 2556 413 2618 putationem,
446 2568 521 2607 sed
551 2568 760 2618 cephalae
788 2580 990 2608 numeros
1018 2569 1291 2608 transtulisse
1314 2569 1356 2608 in
1383 2581 1508 2609 suum
1536 2571 1764 2621 exemplar,

93 2637 241 2686 {quos
278 2631 500 2673 Corrector
536 2633 677 2673 denuo
713 2634 844 2673 codici
884 2634 1076 2678 Palatino
1104 2634 1314 2684 ascripsit.
1359 2635 1623 2687 Itaqueiam
1653 2636 1767 2686 apud

98 2692 358 2748 :cephalam
385 2710 462 2748 pro
485 2710 572 2738 uno
595 2699 901 2750 epigrammate
924 2711 1018 2750 epp.
1039 2700 1115 2739 344
1133 2711 1163 2738 a
1187 2702 1315 2749 atque
1339 2700 1415 2739 344
1433 2699 1460 2739 h
1484 2703 1585 2739 sunt
1608 2701 1762 2740 habita.

133 2757 255 2805 Quod
293 2773 379 2801 non
416 2763 509 2802 fieri
547 2764 704 2814 potuit,
747 2764 829 2803 nisi
865 2765 944 2803 hoc
971 2765 1072 2804 illud
1103 2767 1353 2814 sequeretur
1382 2767 1509 2814 atque
1538 2768 1768 2815 utrumque

6 2926 10 2971 f
92 2932 106 2966 j.
177 2924 239 2968 ¹³⁵)
284 2927 314 2961 11
339 2939 370 2971 p.
394 2929 477 2962 xu:
502 2926 582 2963 ‘duo
603 2930 735 2972 priores
757 2930 790 2963 hi
812 2931 948 2964 codices
967 2940 987 2964 a
1008 2930 1033 2963 C
1054 2932 1214 2973 usurpati
1237 2932 1278 2963 ad
1301 2942 1376 2973 epp.
1399 2932 1571 2973 appositos
1593 2932 1768 2964 habehant

5 2977 11 2989 '⁵
82 2975 106 3019 ²?
133 2979 301 3017 decadum
327 2994 511 3028 numeroS‚
534 2986 595 3029 qui
619 2997 641 3019 a
661 2986 863 3020 Correctore
883 2988 916 3020 in
939 2987 1140 3019 Palatinum
1162 2987 1324 3019 translati
1347 2991 1448 3027 sunt3
1474 2988 1553 3019 inde
1573 2988 1617 3020 ab
1638 2999 1689 3029 ep.
1703 2987 1766 3019 497

95 3040 117 3055 ·”
134 3036 262 3072 desunt
279 3040 421 3074 litterae
441 3042 613 3075 decadum
633 3043 783 3085 indices,
810 3049 848 3075 ut
865 3044 1010 3075 tertium
1030 3043 1116 3075 illud
1135 3043 1345 3075 correctoris
1361 3045 1540 3085 exemplar
1558 3045 1597 3075 iis
1613 3044 1767 3075 ‹zm-uisse

4 3093 6 3095 ’
133 3093 314 3129 Μαίον’.
343 3097 392 3129 De
416 3099 573 3131 numeris
596 3099 764 3132 librorum
794 3099 818 3131 V
842 3103 877 3132 et
904 3099 946 3131 v1
973 3100 1040 3132 iam
1067 3100 1187 3132 monui
1212 3110 1317 3141 supra
1342 3110 1375 3132 n.
1399 3099 1474 3132 432.

1567 3154 1634 3189 11*
