2072 3568
913 232 990 278 207
1485 234 1510 292 ξ
1543 239 1639 292 122,
1676 238 1762 282 123.

188 357 214 414 ἓ
247 359 336 402 123.
394 358 689 402 Imitationes
717 362 886 402 aetatis
914 362 1270 404 Alemandrinae.
1320 365 1435 405 Haec
1464 367 1595 406 altera
1625 370 1763 418 aetas,

132 438 242 477 quae
290 427 494 466 definitur
545 428 795 466 concinnata
851 428 1021 479 Sylloge
1071 429 1313 469 Simonidea
1361 433 1489 480 atque
1535 434 1766 482 composita

40 487 53 532 ζ’
133 492 299 532 Corona
327 492 585 542 Meleagrea,
617 492 926 532 imitationibus
954 494 997 532 in
1024 492 1263 545 lapidibus
1287 497 1467 535 servatis
1490 499 1655 536 tantum
1681 511 1765 538 non

40 562 51 582 2*
130 557 331 596 destituta
372 559 449 596 est.
498 558 591 597 Una
632 553 697 596 est
738 558 959 608 inscriptio
976 589 985 607 ,
1032 559 1075 597 in
1114 571 1199 609 qua
1235 561 1412 600 imitatio
1449 563 1766 612 epigrammatis

134 622 364 662 Simonidei
405 622 519 674 (100)
559 623 856 662 indicaverunt
894 625 975 662 viri
1013 625 1145 675 docti,
1189 626 1293 665 CIA.
1333 627 1390 666 ΙΙ.
1431 628 1556 678 2724,
1602 629 1761 668 Hoffm.

132 687 231 737 122,
263 687 400 727 medio
428 688 552 727 tertio
581 689 750 728 saeculo
779 700 864 746 non
895 690 1101 728 recentior
1132 689 1203 741 (cf.
1233 691 1354 741 Preg.
1382 691 1447 743 8):

183 751 317 793 εἰτὸ
353 752 533 798 καλῶς
569 752 679 793 ἐστὶ
715 753 925 801 θανεῖν,
965 753 1096 806 κάμοὶ
1134 755 1269 795 τοῦτ’
1302 755 1559 810 ἀπένειμε
1597 758 1737 811 τύχη.

184 817 284 858 οὐδὲ
312 818 425 871 φάος
452 817 684 870 λεύσ(σ)ων
713 818 785 871 ὅγε
815 818 1008 871 δαίμοσιν
1037 818 1089 872 ἦν
1118 820 1365 872 ἀγέραστος,

181 885 307 923 πᾶσιν
336 882 375 923 δ’
400 882 667 935 ἀνθρώποισι
694 884 909 937 παρέσχον
938 884 964 924 ἃ
975 900 998 925 ν
1009 885 1029 925 ε’
1037 900 1061 925 ν
1070 900 1097 925 κ
1108 884 1130 925 λ
1141 901 1166 938 η
1179 901 1198 925 τ
1209 901 1233 926 ο
1243 902 1267 926 ν
1295 886 1451 939 ε’μαυτό
1457 887 1507 939 [ν.

49 966 54 967 ⁷
176 947 347 1000 ἔντιμον
374 948 580 1001 χθονίοισι
608 948 725 994 θεοῖς
752 948 982 996 ὑπεδέξατο
1012 953 1119 1002 γαῖα.

39 1012 48 1020 ³
130 1014 208 1064 Ep.
239 1013 316 1053 100
342 1026 532 1064 appono:
951 1027 955 1031 ·

32 1086 44 1095 ¹
182 1078 229 1119 εἰ
260 1077 315 1118 τὸ
352 1077 531 1123 καλῶς
567 1077 834 1131 θνῄσκειν
871 1080 1020 1133 ἀρετῆς
1048 1081 1180 1132 μέρος
1207 1081 1289 1122 ἐστὶ
1315 1082 1509 1134 μέγιστον

235 1143 335 1196 ἡμῖν
363 1143 410 1184 ἐκ
438 1143 610 1184 πάντων
637 1144 773 1184 τοῦτ’
806 1145 1063 1197 ἀπένειμε
1100 1146 1249 1200 τύχη·

176 1205 341 1248 Ἑλλάδι
369 1207 450 1261 γὰρ
478 1208 727 1254 σπεύδοντες
754 1209 996 1263 ἐλευθερίην
1023 1211 1254 1263 περιθεῖναι

235 1273 398 1326 κείμεθ’
423 1273 649 1327 ᾶγηράντῳ
677 1274 893 1327 χρώμενοι
921 1275 1099 1330 εὐλογίῃ.

129 1338 322 1379 Imitator
358 1342 505 1379 utrum
543 1341 813 1380 traditionem
848 1342 883 1380 A
911 1354 1169 1393 anonymam
1201 1343 1349 1394 (quam
1378 1346 1478 1384 alibi
1508 1359 1590 1385 non
1621 1351 1766 1387 extare

77 1434 81 1438 .
128 1403 172 1443 in
213 1405 399 1444 transitu
441 1405 610 1456 moneo)
656 1418 711 1445 an
758 1407 787 1446 S
834 1407 1121 1448 Simonideam
1163 1409 1390 1448 inconditis
1434 1412 1524 1450 suis
1568 1414 1764 1452 versibus

46 1484 71 1497 ν
129 1467 374 1521 subiecerit,
416 1471 615 1510 dirimere
652 1483 738 1511 non
776 1484 967 1522 possum.
1014 1474 1125 1512 Eum
1154 1474 1259 1514 alias
1288 1487 1458 1525 quoque
1486 1478 1764 1528 epigramma-

30 1528 49 1585 ]
127 1533 234 1573 tiene
255 1546 431 1585 poeseos
456 1537 689 1575 locutiones
714 1538 953 1587 respexisse
976 1539 1097 1578 docet
1118 1551 1215 1578 cum
1238 1541 1491 1580 vocabulum
1514 1541 1765 1595 ἀνένκλητον

127 1599 273 1639 eadem
311 1602 512 1640 carminis
550 1602 649 1641 sede
686 1604 814 1652 atque
851 1601 1115 1656 ἅνενκλήτως
1151 1607 1242 1643 tum
1279 1606 1424 1645 eadem
1463 1607 1600 1647 forma
1633 1609 1764 1659 hypo-

127 1664 280 1705 thetica
317 1667 443 1706 obvia
480 1667 524 1706 in
561 1668 838 1718 inscriptione
874 1670 971 1708 item
1010 1670 1144 1709 Attica
1182 1671 1458 1721 eiusdemque
1494 1673 1582 1712 fere
1615 1676 1764 1713 aetatis

130 1729 254 1781 (CIA.
287 1732 345 1771 II.
380 1732 505 1782 1791,
549 1733 668 1772 Kaib.
702 1733 775 1784 65,
819 1735 979 1773 Hoffm.
1016 1734 1131 1785 126):

534 1795 843 1851 Μνησαρχίόης
870 1797 1139 1852 Μνησάρχου
1163 1799 1357 1846 Ἁλαιεύς.

180 1860 228 1900 εἰ
250 1860 298 1901 τὰ
326 1861 444 1902 θεῶν
472 1861 614 1914 τιμ[ᾶν
641 1862 858 1916 χρ]ηστῶν
886 1864 920 1903 τ’
946 1864 1086 1916 ἔργων
1114 1865 1334 1917 ἐπιθυμεῖν

179 1924 250 1966 καὶ
277 1925 323 1966 τὸ
353 1925 634 1981 ὁικαιοσύν[ηι
661 1943 702 1968 τε
730 1928 873 1981 φίλο]ν
900 1945 942 1970 τε
970 1930 1122 1982 φίλοισι
1149 1935 1363 1983 προσεῖναι

181 1989 285 2038 δόξα
315 1990 439 2045 ἀρετή
467 2007 509 2032 τε
535 1993 703 2045 βροτοῖς
731 1993 802 2034 καὶ
830 1994 1174 2048 ἀνενκλήτως
1201 1997 1430 2048 βιοτεῢσαι,

178 2054 312 2097 πάντα
341 2056 392 2098 σὺ
419 2058 531 2098 ταῦτ’
559 2058 782 2112 [ἔ]σχ[ε]ς,
815 2059 890 2112 [Μ
892 2060 1246 2115 ]νησα[ρ]χίδ[η],
1276 2062 1717 2118 ἅπρο[φ]ασίσ[τ]ω[ς.

524 2122 784 2177 Μνήσιππος
811 2123 1045 2178 Χαριταίου
1069 2125 1263 2172 Ἁλαιεύς.

526 2187 676 2242 Μνησ[
681 2221 843 2230 .....

43 2260 45 2262 ·
129 2253 187 2292 De
215 2253 460 2293 nominibus
489 2266 585 2294 cum
615 2256 771 2295 mortui
800 2258 891 2295 tum
921 2257 1210 2296 dedicatorum
1239 2260 1358 2297 extra
1384 2261 1565 2299 metrum
1591 2262 1763 2300 adiectis

125 2317 178 2358 cf.
266 2318 291 2358 6
319 2331 360 2358 n.
389 2319 428 2358 4.

33 2396 38 2404 ¹
179 2317 442 2424 Igitationes
481 2384 738 2440 litterariae
771 2388 971 2427 tractanti
1010 2390 1105 2438 post
1146 2388 1346 2439 Syllogen
1387 2390 1597 2429 conditam
1628 2392 1761 2431 factas

126 2460 292 2499 semper
328 2450 614 2490 dirimendum
651 2454 742 2502 est,
788 2453 1116 2493 adhibuerintne
1152 2458 1346 2493 auctores
1384 2467 1478 2505 epp.
1521 2455 1761 2496 Simoniden

42 2530 49 2557 ;
125 2515 173 2554 ut
216 2509 458 2555 Simonidea
503 2514 573 2566 (S)
617 2528 671 2556 an
715 2518 762 2556 ut
804 2529 1018 2568 anonyma
1063 2517 1148 2569 (A).
1197 2520 1274 2569 Ep.
1314 2520 1365 2558 92
1403 2520 1763 2571 Thermopylense

125 2579 364 2630 complures
393 2582 540 2630 poetae
566 2581 842 2621 Alexandrini
870 2583 1019 2622 imitati
1049 2586 1151 2623 sunt
1181 2583 1281 2634 (eg.
1311 2585 1541 2623 Phaennus
1566 2586 1659 2624 VII.
1683 2586 1761 2625 437

36 2620 54 2699 <j
124 2644 253 2694 idque
293 2645 336 2684 in
378 2645 515 2685 forma
556 2645 744 2698 vucyari
782 2646 856 2698 A2,
903 2649 1052 2687 Nossis
1095 2649 1189 2688 v11.
1233 2650 1336 2699 718,
1382 2650 1435 2688 ef.
1479 2651 1759 2690 Reitzenstein

33 2714 46 2756 ,ζ’
125 2719 166 2759 p.
200 2709 276 2749 137
310 2721 352 2748 n.
384 2709 450 2761 2),
489 2722 574 2750 non
603 2713 718 2762 quod
751 2712 982 2752 Simonidis
1011 2717 1144 2764 esset,
1184 2715 1258 2753 sed
1287 2708 1387 2764 Quia
1417 2716 1759 2766 vulgatissimum

42 2807 45 2812 .
124 2775 233 2823 erat3
273 2777 402 2825 atque
437 2776 543 2815 adeo
575 2778 834 2827 apostropha
863 2779 977 2828 apud
1007 2780 1315 2819 Alexandrinos
1345 2781 1564 2819 decantata
1595 2778 1632 2819 (ἶ)
1662 2780 1758 2825 ξεῖν’

126 2839 191 2878 vel
220 2837 259 2878 ὦ
287 2838 398 2890 ξένε,
431 2851 517 2890 qua
545 2842 744 2891 primitus
767 2854 960 2894 pereyre
987 2844 1174 2883 defuncti
1204 2847 1387 2883 utuntur
1417 2844 1529 2895 (epp.
1559 2846 1632 2895 92,
1665 2846 1756 2895 96),

125 2915 236 2954 quac
278 2916 378 2944 vero
418 2906 533 2955 apud
574 2907 668 2946 illos
709 2908 798 2947 fere
839 2920 1079 2959 synonyma
1123 2910 1233 2949 facta
1276 2912 1339 2948 est
1381 2911 1601 2953 enuntiato
1644 2909 1758 2949 ὁὸΐτα

43 3006 46 3023 ἱ
80 3001 87 3007 „
127 2967 198 3019 (cf.
244 2981 327 3020 eg.
369 2971 463 3010 VII.
512 2970 680 3023 163,10,
729 2973 848 3023 164,9
891 2985 986 3012 cum
1035 2974 1198 3023 165,11>
1244 2974 1297 3012 ab
1338 2975 1416 3013 hoc
1458 2976 1760 3024 epigrammate

46 3053 51 3056 -
123 3033 394 3073 celeberrimo
422 3035 608 3085 profecta
636 3049 731 3077 esse
760 3038 939 3078 videtur.

178 3098 271 3138 Non
308 3099 503 3139 adhibuit
538 3100 739 3153 Syllogen
772 3103 1058 3142 Simonideam
1090 3104 1203 3154 Pepli
1233 3106 1399 3154 auctor,
1442 3105 1513 3153 qui
1543 3105 1585 3144 in
1615 3116 1679 3155 ep.
1712 3105 1758 3144 13
