2072 3568
396 197 496 245 Cup.
532 195 619 242 111,
653 195 689 234 ss.
1185 192 1238 232 88
1269 209 1274 214 ·

397 320 467 367 (ct.
495 318 520 369 ξ
542 319 627 368 29),
660 322 933 369 argumenta,
962 318 1121 369 quibus
1143 317 1342 368 Ephorus
1361 318 1658 358 demonstrare
1676 318 1921 371 studuerat,
1944 329 2032 371 qun

394 386 446 424 dc
475 397 603 425 causa
633 385 688 425 ab
718 385 934 424 Herodoto
963 384 1042 423 sibi
1075 383 1355 423 recedendum
1386 386 1567 434 putaret.
1610 383 1774 431 Quodsi
1802 385 1899 426 iure
1914 385 2032 439 apud

398 451 671 490 Plutarchum
723 450 985 500 epigramma
1037 449 1090 489 ad
1155 449 1375 499 Ephorum
1429 460 1650 489 recurrere
1705 450 2030 503 constitutum,

397 516 616 566 Ephoreae
667 516 925 555 narrationis
974 517 1244 565 excerptum,
1301 511 1351 554 in
1404 525 1497 566 quo
1547 513 1702 567 ipmm
1742 514 2035 569 epigramma

395 580 561 633 respici
588 580 791 631 videtur,
824 580 1142 631 deprehendere
1171 591 1404 630 possumus
1434 580 1476 619 in
1506 580 1782 621 annotatione
1807 580 2031 634 humen,

396 659 526 699 quam
568 647 724 686 Strabo
763 646 835 686 IX.
869 646 907 685 2.
941 645 986 685 31
1031 657 1070 696 p.
1104 645 1182 685 412
1221 645 1526 695 grammaticae
1564 645 1738 687 notitiae
1771 646 1827 687 de
1853 645 2036 688 Plancis

394 725 445 751 ex
476 712 715 762 Apollodori
746 711 1059 751 Commentario
1082 711 1124 750 in
1152 711 1403 762 catalogum
1431 711 1706 751 Homericum
1724 710 1797 763 (cf.
1817 711 2036 754 Schwartz

398 778 495 817 Pw.
523 799 570 805 ·—-
592 778 679 817 RE.
720 778 752 817 Ι.
786 776 982 827 2867,53)
1023 777 1176 827 petitae
1214 777 1413 817 inseruit:
1466 775 1649 817 ἐνταῦθα
1687 774 1939 830 Μαρδόνιον
1964 776 2038 820 καὶ

396 841 467 886 τὰς
504 841 723 893 τριάκοντα
763 840 976 893 μυριάδας
1017 839 1199 893 Περσῶν
1236 841 1280 881 αἶ
1317 843 1402 881 τῶν
1431 839 1645 894 Ἑλλήνων
1673 839 1873 894 ὀυνάμεις
1898 839 2038 896 ἄρδην

398 906 607 959 ἠφάνισαν
643 906 939 959 ἱδρύσαντο
976 921 1017 946 τε
1048 903 1399 958 Ἐλευθερίου
1436 904 1562 951 «Ιιός
1598 905 1749 959 ἱερὸν
1780 904 1891 957 uti-3
1926 918 2039 959 qm

398 973 526 1012 verba
555 975 747 1023 spectant
773 973 968 1012 ultimum
988 972 1308 1023 epigrammatis
1330 983 1503 1011 versum
1523 970 1749 1023 ἱδρύσαντο
1766 969 1867 1018 Διὸς
1882 970 2039 1024 βωμὸν

391 1035 672 1089 Ἐλευθερίου.
718 1039 776 1077 De
814 1038 987 1088 Ephoro
1024 1038 1142 1077 iuxta
1182 1037 1484 1088 Apollodorum
1525 1037 1751 1078 Strabonis
1787 1037 1906 1079 fonto
1938 1048 2036 1079 oum

396 1103 489 1142 aliis
527 1104 628 1143 locis
666 1106 756 1143 tum
795 1104 837 1143 in
874 1104 953 1143 hoc
990 1103 1043 1143 de
1083 1103 1253 1143 Boeotia
1293 1103 1428 1153 capite
1458 1103 1550 1153 (IX.
1582 1103 1621 1143 2.
1654 1104 1680 1143 2
1707 1115 1750 1155 p.
1781 1102 1862 1145 400
1887 1114 1954 1156 aq-
1982 1119 2039 1138 =

398 1170 447 1207 fr.
482 1169 554 1218 67,
590 1169 717 1208 FHG.
752 1170 784 1208 Ι.
818 1170 916 1217 254;
949 1169 1021 1208 IX.
1054 1169 1092 1208 2.
1126 1170 1149 1208 4
1180 1181 1220 1219 p.
1254 1168 1328 1208 401
1362 1180 1427 1219 sq.
1460 1185 1512 1202 =
1540 1169 1592 1208 tr.
1618 1169 1693 1221 30,
1725 1168 1857 1211 mo.
1879 1169 1916 1210 1.
1937 1168 2036 1221 241)

397 1234 448 1273 ct.
483 1234 605 1273 Niese
634 1235 713 1274 Rh.
748 1235 857 1274 Mus.
892 1235 956 1274 32.
992 1234 1109 1274 1877.
1142 1234 1221 1274 283
1250 1246 1314 1284 sq.

450 1300 661 1345 Quoniam
692 1300 911 1350 Ephorum
941 1300 1261 1350 epigrammatis
1290 1300 1559 1339 traditionem
1584 1299 1618 1339 A
1641 1299 1888 1342 exhibuisse
1908 1310 2038 1352 appt-

398 1365 495 1415 ruit,
521 1365 685 1404 nullum
707 1368 843 1415 potest
862 1377 957 1404 esse
975 1365 1169 1415 dubium,
1195 1365 1301 1417 quin
1322 1365 1358 1404 is
1374 1376 1548 1416 quoque
1562 1365 1745 1416 scriptor
1758 1364 1900 1416 fuerit,
1921 1365 2039 1417 apud

397 1442 523 1480 quem
564 1431 773 1470 invenerit
813 1431 1019 1470 Collector
1046 1430 1366 1481 epigrammatis
1395 1430 1663 1471 traditionem
1692 1431 1728 1471 A
1754 1441 2035 1484 anonymam,

397 1508 526 1545 quam
557 1498 762 1535 mutatam
791 1496 1057 1535 transtulerit
1086 1496 1128 1535 in
1162 1496 1362 1546 Syllogen
1391 1495 1694 1536 Simonideam.
1727 1496 1889 1548 Eadem
1906 1496 2040 1549 igitur

399 1561 527 1600 huius
551 1561 870 1611 epigrammatis
893 1563 957 1600 est
983 1561 1090 1600 ratio
1113 1563 1242 1611 atque
1266 1561 1634 1609 Corinthiacorum
1659 1561 2036 1614 epigrammatum,

398 1638 507 1676 quac
526 1639 578 1665 ex
599 1627 773 1677 Ephoro
793 1639 888 1666 cum
910 1627 953 1666 in
972 1627 1247 1666 Plutarchum
1266 1627 1445 1666 fluxisse
1459 1629 1551 1667 tum
1566 1626 1788 1668 Collectori
1801 1626 2041 1668 innotuisse

399 1692 585 1731 vidimus
625 1690 705 1743 (ἓξ
744 1693 819 1742 29,
858 1692 909 1731 35
945 1691 1048 1742 sq.).
1090 1693 1223 1743 Origo
1259 1705 1311 1732 ex
1341 1693 1557 1732 communi
1586 1693 1704 1733 fonte
1729 1692 1934 1744 explieat,
1963 1691 2040 1744 qui

398 1769 495 1797 cum
540 1757 655 1807 apud
700 1757 810 1798 Plut.
862 1760 953 1797 tum
992 1758 1035 1797 in
1074 1758 1155 1797 ΑΡ.
1197 1770 1263 1809 ep.
1306 1761 1502 1798 nostrum
1539 1758 1719 1799 eandem
1754 1757 2039 1810 corruptelam

401 1821 644 1874 (ἐλεύθερον
672 1834 751 1873 pro
779 1821 1000 1874 ἐλευθέρᾳ)
1032 1823 1206 1873 aluerit,
1238 1823 1292 1863 de
1319 1835 1405 1874 qua
1434 1826 1651 1874 praeterea
1682 1823 1768 1863 vid.
1801 1821 1831 1876 ξ
1860 1820 1995 1875 18Ί,8.

451 1888 641 1927 Alterum
669 1899 733 1938 ep.
762 1888 901 1927 libello
928 1888 969 1927 d.
995 1888 1097 1927 Her.
1122 1900 1179 1928 m.
1205 1887 1294 1938 (34)
1320 1900 1418 1928 cum
1439 1889 1544 1928 Vitis
1566 1889 1732 1939 (Them.
1749 1886 1795 1940 8)
1812 1899 2041 1931 eommune

398 1955 463 1992 est
490 1965 555 2003 ep.
588 1953 681 2002 1353
720 1953 834 2003 quod
865 1953 932 1992 his
961 1953 1064 1993 locis
1092 1954 1278 2005 exceptis
1308 1966 1524 2004 nusquam
1552 1954 1727 1994 obvium
1755 1966 1782 1996 a
1812 1954 2040 1996 Schneide-

398 2019 509 2057 wino
550 2019 660 2058 inter
705 2019 947 2058 Simonidea
990 2019 1205 2069 prolatum
1242 2022 1319 2059 est.
1367 2020 1418 2059 In
1457 2020 1616 2060 iontem
1654 2020 1786 2072 igitur
1823 2020 2040 2062 Plutarchi

399 2085 593 2124 consulto
616 2085 833 2134 inquirere
857 2096 941 2124 non
968 2096 1141 2124 necesse
1159 2087 1236 2124 est.
1272 2085 1363 2125 Hoc
1382 2087 1523 2125 autem
1543 2097 1608 2136 ep.
1632 2086 1776 2126 itidem
1793 2097 1847 2127 ex
1866 2085 2041 2138 Ephoro

400 2152 683 2200 propagatum
724 2161 819 2189 esse
859 2150 1076 2200 existimo,
1130 2153 1313 2200 utroque
1353 2151 1466 2190 enim
1508 2151 1600 2191 loco
1642 2163 1778 2202 parvo
1816 2150 2041 2193 intervallo

399 2215 660 2254 disiunctum
697 2215 852 2266 legitur
890 2228 914 2255 a
953 2215 1127 2255 Pindari
1165 2216 1217 2255 tr.
1253 2217 1302 2255 77
1334 2215 1405 2266 (cf.
1441 2215 1467 2268 ξ
1497 2216 1549 2256 29
1578 2228 1620 2256 n.
1652 2215 1739 2268 28).
1785 2216 1895 2257 Tum
1921 2216 2041 2258 haud

400 2280 677 2330 improbabile
707 2281 874 2320 videtur
901 2292 984 2331 ep.,
1018 2281 1132 2331 quod
1163 2284 1371 2332 spectaret
1399 2294 1590 2333 pugnam
1619 2282 1855 2334 Artemisii,
1891 2293 1918 2323 a
1946 2281 2040 2324 001-

399 2345 553 2384 lectore
589 2346 632 2385 in
671 2346 957 2386 Simonideam
991 2347 1191 2397 Syllogen
1222 2351 1438 2398 receptum
1467 2348 1602 2388 fuisse
1631 2348 1704 2399 (cf.
1738 2346 1766 2400 ἕ
1797 2346 1874 2389 133
1901 2346 2036 2399 sqq.).

400 2410 622 2450 Auctorem
662 2411 895 2451 subiecisse
931 2413 1030 2452 huic
1066 2413 1362 2463 epigrammati
1399 2424 1465 2463 ep.
1501 2413 1576 2453 132
1603 2412 1969 2454 demonstrabitur
1994 2412 2039 2453 in

401 2476 531 2515 altera
560 2476 602 2515 h.
635 2488 670 2515 c.
702 2479 835 2526 parte.

456 2539 483 2592 ἓ
513 2541 577 2580 51.
639 2540 707 2582 De
734 2540 892 2582 ceteris
920 2553 1019 2593 epp.
1056 2541 1105 2581 in
1134 2541 1302 2582 Moral.
1336 2541 1495 2582 obviis.
1542 2544 1592 2582 In
1618 2543 1691 2583 lib.
1715 2541 1898 2584 anmi
1914 2542 2040 2585 '18611

400 2606 601 2645 laudatur
627 2607 945 2657 epigrammatis
976 2607 1051 2646 147
1074 2607 1135 2658 (in
1157 2608 1296 2647 tribus
1316 2608 1577 2647 Antiochidis
1600 2609 1820 2649 victoriam
1837 2609 2038 2660 cyclicum

405 2671 621 2711 Simonide
648 2672 826 2711 chorum
855 2671 1048 2722 docente)
1078 2673 1289 2712 distichon
1319 2674 1511 2712 tertium:
1541 2671 1834 2726 Σιμωνίδης
1859 2672 1908 2715 ἐν
1927 2672 2040 2727 γήρᾳ

401 2738 545 2788 χοροῖς
564 2735 697 2783 ἐνίκα,
718 2735 780 2782 ὡς
798 2735 1095 2789 τούπίγραμμα
1116 2735 1241 2790 onio?
1251 2740 1334 2783 τοῖς
1349 2737 1589 2783 τελευταίοις
1603 2738 1742 2779 ἔπεσιν
1755 2737 1881 2792 ’ἀμφὶ
1898 2736 2040 2788 ,deho-

402 2799 523 2853 καλίῃ
554 2831 563 2839 .
591 2831 599 2840 .
626 2832 636 2841 .
663 2833 672 2841 .
705 2800 822 2842 κτλ.’.
855 2803 1002 2852 Neque
1030 2803 1109 2842 hoc
1128 2803 1390 2854 epigramma
1412 2804 1669 2844 Plutarchus
1692 2826 1745 2833 -
1766 2803 1883 2855 quod
1901 2805 2039 2846 mm

401 2877 498 2905 eum
529 2867 780 2917 cognovisse
808 2869 969 2906 certum
1002 2868 1169 2907 videtur
1197 2889 1249 2896 —
1277 2881 1329 2907 ex
1361 2868 1532 2920 Sylloge
1561 2870 1626 2908 vel
1653 2881 1706 2908 ex
1729 2869 1823 2909 eius
1840 2870 2040 2921 excerpto

402 2931 678 2971 arcessivisse
696 2933 915 2983 putandus
935 2935 1011 2972 est.
1039 2933 1299 2972 Simonidem
1319 2934 1639 2985 epigrammatis
1653 2937 1870 2975 auctorem
1882 2935 2041 2976 diserte

403 3007 487 3035 non
518 2997 697 3047 indicat,
729 3010 990 3048 quamquam
1020 3011 1117 3038 eum
1150 3000 1410 3039 Simonidem
1440 3001 1642 3040 carminis
1661 3002 1827 3051 poetam
1853 2999 2039 3052 inoellegi

404 3061 591 3101 voluisse
626 3062 805 3102 libenter
840 3064 1103 3103 crediderim.
1150 3065 1267 3105 Haec
1294 3068 1435 3104 autem
1466 3077 1534 3104 res
1563 3066 1617 3104 ad
1646 3066 1805 3105 fontem
1832 3065 2039 3116 indagan-
