2072 3568
925 241 999 282 211
1498 244 1523 298 g
1556 247 1653 298 124,
1690 248 1778 289 125.

38 335 65 394 ζῆ
146 364 234 404 mit·
251 365 382 404 Reeht
410 365 485 404 auf
512 367 778 416 personliehe
807 368 1073 407 Differenzen
1103 370 1309 408 zwisehen
1335 371 1422 409 Mn.
1448 372 1537 409 und
1559 372 1639 411 Th.
1663 373 1782 412 bezo·

146 441 227 481 gen
265 442 317 469 zu
355 429 526 469 haben’.
571 431 701 470 Aliter
739 433 1021 471 Reitzenstein
1060 445 1100 482 p.
1135 434 1231 473 126:
1275 433 1389 473 ‘dass
1418 436 1485 474 die
1514 438 1781 488 Dichtungen

145 496 220 535 des
254 496 499 535 Mnasalkas
534 497 624 535 und
659 498 735 536 der
763 498 900 548 Anyte
927 499 985 536 im
1014 499 1323 538 Wesentliehen
1354 501 1543 550 gleiehen
1573 503 1662 540 Ton
1693 504 1781 542 und

145 561 288 600 Inhalt
325 561 488 611 haben,
529 562 585 600 ist
617 562 824 612 bekannt;
866 575 949 602 nur
977 564 1051 603 hat
1079 565 1324 603 Mnasalkas
1354 566 1550 617 haufiger
1578 569 1645 606 die
1673 569 1780 607 auch

145 637 229 664 von
267 626 404 676 Anyte
439 627 638 666 benutzte
677 627 748 679 (ef.
787 631 928 668 tamen
970 628 995 680 ξ
1037 628 1131 679 123)
1173 630 1498 670 simonideisehe
1530 632 1784 683 Sammlung

145 702 223 729 vor
263 690 452 742 Augen',
503 694 632 742 atque
673 705 713 742 p.
758 694 833 746 125
877 694 1166 733 Mnasaleeum
1209 695 1279 733 VI.
1324 695 1400 734 128
1441 708 1493 734 ex
1539 697 1782 736 Simonideo

143 756 214 794 VI.
254 756 305 795 52
345 755 427 807 (ep.
469 755 585 807 144),
627 770 668 807 p.
709 758 785 797 127
825 759 1112 797 Mnasaleeum
1141 760 1212 798 VI.
1246 761 1269 798 9
1299 772 1351 798 ex
1383 761 1626 801 Simonideo
1653 764 1724 801 VI.
1757 763 1781 802 2

147 819 229 872 (ep.
271 820 364 872 143)
403 822 636 861 imitatione
672 823 903 861 formatum
940 835 1035 862 esse
1069 825 1284 863 contendit
1314 837 1352 863 v.
1387 826 1460 873 el.;
1500 838 1638 876 neque
1666 829 1781 876 quis-

143 897 272 935 quam
311 887 482 936 negabit
520 889 623 927 haee
659 900 754 938 epp.
793 890 886 927 arto
921 889 1092 927 vinculo
1120 901 1214 928 esse
1242 902 1414 929 conexa.
1463 892 1781 942 Epigrammata

145 963 246 991 vero
285 951 527 991 Simonidea
567 953 621 991 ad
654 953 810 991 bellum
840 954 1050 992 Medicum
1079 955 1331 1004 pertinentia
1362 957 1428 994 vel
1455 957 1558 1006 alia,
1600 969 1710 1006 quae
1738 958 1777 996 in

147 1015 318 1066 Sylloge
354 1017 534 1056 affuisse
571 1020 760 1067 constet,
806 1030 830 1057 a
869 1019 1083 1058 Mnasalea
1122 1022 1330 1069 usurpata
1368 1033 1462 1060 esse
1498 1022 1781 1062 demonstran

144 1093 228 1120 non
249 1083 405 1131 potest;
435 1083 791 1133 epigrammatum
812 1084 996 1122 duorum
1021 1084 1384 1135 Simonideorum‚
1413 1098 1523 1135 quae
1543 1088 1780 1127 Mnasaleas

143 1146 454 1186 Reitzensteinii
492 1148 647 1187 iudicio
685 1150 857 1187 secutus
895 1160 990 1187 esse
1020 1149 1207 1199 videtur,
1250 1152 1357 1189 ratio
1385 1152 1531 1190 eadem
1560 1155 1624 1191 est
1653 1155 1781 1202 atque

142 1223 290 1251 eorum
326 1224 421 1262 epp.
464 1213 833 1263 Simonideorum,
876 1225 987 1263 quae
1026 1215 1319 1264 Peloponnesii
1359 1218 1505 1265 poetae
1544 1220 1782 1268 respexisse

143 1277 342 1316 videntur
372 1276 418 1329 (ξ
451 1277 567 1328 123);
598 1281 701 1317 sunt
729 1279 882 1318 eoloris
912 1279 1209 1330 Alexandrini,
1242 1281 1444 1331 leguntur
1464 1283 1507 1320 in
1529 1283 1780 1331 fragmentis

142 1342 389 1392 Meleagreis
427 1355 503 1382 nee
541 1355 642 1382 vero
680 1344 766 1382 ullo
804 1355 856 1382 ex
894 1344 1054 1383 nostris
1092 1345 1258 1383 indiciis
1296 1346 1349 1384 ad
1392 1346 1590 1397 Syllogen
1632 1349 1780 1387 referri

142 1409 374 1457 potuerunt
413 1407 483 1459 (ef.
525 1407 550 1459 ξ
594 1409 690 1458 104,
733 1409 786 1447 de
823 1421 887 1458 ep.
931 1409 1006 1448 143
1045 1410 1128 1448 vid.
1172 1409 1197 1461 ξ
1237 1411 1333 1460 130,
1377 1412 1429 1450 de
1456 1424 1520 1461 ep.
1556 1413 1630 1451 144
1660 1425 1700 1463 p.
1734 1414 1775 1452 h.

142 1484 292 1512 comm.
334 1472 443 1524 alt.).
497 1474 740 1513 Simonidea
782 1476 922 1513 autem
966 1475 1143 1514 imitatio
1185 1476 1220 1514 si
1264 1488 1412 1515 revera
1455 1477 1497 1515 in
1541 1479 1779 1518 Mnasalcea

141 1538 257 1587 poesi
303 1538 443 1578 inesse
489 1539 680 1589 videtur,
732 1552 904 1579 neeesse
949 1543 1038 1591 est,
1089 1543 1136 1580 ut
1183 1542 1225 1580 in
1274 1554 1321 1580 ea
1364 1554 1535 1591 quoque
1576 1544 1779 1582 elementa

142 1603 351 1652 quaedam
379 1604 666 1654 inveniantur,
700 1605 859 1654 quibus
888 1618 912 1645 a
943 1606 1260 1655 Peloponnesiis
1289 1608 1607 1657 epigrammatis
1633 1609 1779 1647 distin-

144 1667 303 1717 guitur.

195 1733 313 1772 Inter
350 1734 657 1784 epigrammata
695 1736 936 1775 Mnasaleae
963 1737 1212 1775 auctoritate
1240 1737 1442 1787 insignita
1472 1750 1607 1776 unum
1636 1741 1700 1777 est
1728 1761 1780 1766 —

141 1799 255 1847 quod
286 1799 549 1838 Knaaekium
580 1800 1040 1850 Reitzensteiniumque
1067 1802 1231 1852 fugisse
1260 1803 1428 1841 videtur
1457 1824 1508 1830 —-
1536 1815 1631 1841 eum
1653 1815 1779 1853 argu-

141 1865 283 1903 mento
319 1866 410 1903 tum
448 1865 614 1903 dicendi
652 1866 815 1904 ratione
850 1866 975 1915 plane
1003 1878 1026 1905 a
1056 1867 1205 1906 ceteris
1233 1868 1325 1906 eius
1354 1869 1694 1918 epigrammatis,
1736 1870 1778 1908 in

140 1929 299 1978 quibus
326 1929 504 1969 Scholae
527 1930 909 1979 Peloponnesiacae
931 1933 1053 1970 tenor
1073 1944 1157 1971 non
1178 1933 1389 1972 obscurus
1410 1936 1496 1985 est,
1525 1935 1774 1974 abhorrens.

140 1993 243 2033 Volo
270 2006 335 2044 ep.
358 1995 453 2033 VII.
483 1994 581 2033 242:

353 2059 467 2099 οἵδε
494 2059 657 2111 πάτραν
684 2059 959 2112 πολύδακρυν
988 2061 1053 2101 ἐπ’
1078 2061 1221 2115 αὐχένι
1251 2062 1408 2115 δεσμὸν
1437 2064 1618 2117 ἔχουσαν

407 2123 606 2176 ῥυόμενοι
636 2123 850 2177 δνοφεράν
878 2126 1267 2180 ἁμφεβάλοντο
1295 2128 1433 2169 κόνιν·

353 2188 548 2242 ἄρνυνται
577 2189 616 2229 δ’
641 2189 834 2242 ἀρετᾶς
862 2189 980 2231 αἶνον
1006 2191 1163 2245 μέγαν.-
1182 2192 1285 2233 ἀλλά
1314 2209 1371 2239 τις
1399 2193 1538 2235 ἀστῶν

406 2253 548 2295 τούσδ’
572 2254 725 2295 ἐσιδὼν
752 2255 954 2309 θνᾴσκειν
981 2256 1114 2298 τλάτω
1144 2257 1250 2310 ὑπὲρ
1278 2258 1489 2311 πατρίδος.

143 2319 418 2359 Stadtmiiller
459 2321 541 2360 iam
586 2322 764 2360 alterum
809 2334 982 2362 versum
1026 2324 1209 2362 conferri
1247 2325 1371 2364 iussit
1409 2338 1505 2364 eum
1548 2326 1776 2366 Simonidei

139 2395 204 2434 ep.
243 2384 294 2424 99
334 2384 435 2435 (ΑΡ.
467 2386 562 2425 VII.
601 2385 698 2437 251)
740 2399 868 2427 versu
907 2388 1060 2439 altero,
1102 2391 1145 2428 at
1179 2390 1294 2428 haud
1331 2392 1418 2430 seio
1453 2403 1507 2430 an
1539 2404 1577 2430 v.
1611 2392 1660 2431 el.
1693 2393 1776 2442 epi-

140 2450 389 2498 grammatis
426 2450 608 2490 indolem
649 2463 733 2490 non
772 2453 1016 2503 agnoverit,
1055 2454 1281 2504 denegavit
1309 2455 1419 2494 enim
1450 2456 1576 2495 fidem
1607 2457 1776 2496 lemma-

139 2514 264 2553 tistae
294 2526 360 2564 ep.
392 2516 446 2554 ad
475 2516 856 2567 Thermopylarum
888 2530 1077 2569 pugnam
1108 2519 1317 2558 referenti.
1365 2521 1640 2560 Necessitudo
1668 2522 1778 2561 inter

141 2579 427 2620 Mnasaloeum
456 2582 496 2620 et
523 2581 836 2633 Simonideum,
870 2584 983 2633 quod
1013 2586 1054 2623 et
1082 2585 1222 2635 ipsum
1250 2585 1556 2636 Thermopylas
1583 2587 1772 2637 respicit,

139 2646 226 2683 tam
254 2647 347 2684 arta
375 2648 461 2696 est,
493 2648 542 2685 ut
565 2647 794 2687 concedere
818 2660 896 2687 nos
920 2650 1111 2698 oporteat
1135 2649 1392 2689 Mnasalcam
1421 2651 1615 2690 consulto
1643 2651 1776 2690 Simo-

141 2709 312 2749 nideum
340 2710 550 2751 imitatum
579 2723 673 2751 esse
703 2711 836 2763 (quod
866 2713 907 2752 in
941 2714 1044 2763 Syll.
1077 2714 1179 2753 Sim.
1209 2708 1388 2754 affu‘isse
1416 2718 1582 2755 constat
1609 2728 1661 2755 ex
1686 2717 1776 2755 loeo

139 2774 181 2812 in
220 2774 369 2814 ordine
399 2775 641 2817 Simonideo
670 2789 746 2828 per
774 2778 1035 2830 Meleagrum
1064 2779 1107 2818 in
1138 2780 1423 2829 Cephalanam
1456 2782 1777 2831 Palatinumque

139 2839 307 2879 Anthol.
334 2843 590 2892 propagato,
626 2841 652 2894 ἓ
685 2842 801 2894 101);

352 2904 554 2957 ἄσβεστον
581 2906 703 2951 κλέος
731 2906 844 2947 οἵδε
873 2907 971 2961 φίλῃ
1000 2907 1095 2960 περὶ
1123 2908 1287 2960 πατρίδι
1316 2909 1458 2953 θέντες

404 2969 585 3011 κυάνεον
612 2971 801 3012 θανάτου
831 2971 945 3025 ἀμφ
957 2988 976 3013 ε
985 2973 1014 3024 β
1024 2972 1216 3013 άλοντο
1245 2973 1394 3026 νέφος·

353 3034 454 3075 οὐδὲ
481 3035 648 3077 τεθνᾶσι
676 3036 898 3084 θανόντες,
927 3037 1017 3078 ἐπεί
1042 3037 1116 3090 σφ’
1141 3037 1301 3091 ἀρετὴ
1332 3038 1582 3090 καθύπερθε

404 3099 648 3142 κυόαίνουσ“
673 3100 816 3155 ἀνάγει
846 3101 1045 3155 δώματος
1073 3102 1118 3149 ἐξ
1141 3102 1300 3143 Ἂίὸεω.

1574 3168 1641 3203 44*
