2072 3568
840 235 915 278 113
1463 235 1488 290 ξ
1522 237 1594 288 64,
1612 235 1691 302 65.

678 452 740 491 11.
803 459 1071 492 PAUSANIAs.

115 627 142 680 ἓ
172 627 236 667 65.
298 625 658 665 Demonstratur
687 623 974 676 perieyetam
1011 635 1148 664 usum
1185 634 1276 663 esse
1304 622 1696 674 epiyrammatum

60 690 309 733 corollario
341 690 463 742 (Mel.
499 688 637 740 Cor.).
694 690 1015 740 Epigrammata
1048 689 1312 738 Simonidea,
1347 701 1457 738 quae
1486 690 1695 740 periegeta

60 757 206 807 affert,
253 757 289 795 si
327 756 450 795 unice
487 767 539 794 ex
577 755 864 794 monumentis
902 755 1194 804 cognovisset,
1241 766 1289 792 ea
1327 754 1514 803 profecto
1551 756 1698 804 poetae

61 823 230 862 nomine
258 834 344 861 non
372 822 581 860 ornasset.
630 820 738 860 Cum
767 821 907 859 autem
937 820 1004 858 bis
1033 819 1349 869 epigrammati,
1383 819 1497 868 quod
1525 820 1692 869 laudat,

63 887 293 927 Simonidis
327 886 621 925 auctoritatem
650 885 879 935 adiungat,
921 885 988 923 bis
1021 884 1227 923 Simonidi
1256 884 1540 934 epigramma,
1582 885 1697 933 quod

60 964 144 992 non
187 951 374 1002 profert,
425 951 611 1000 tribuat,
663 950 1008 989 constituendum
1050 951 1114 988 est
1156 961 1254 988 eum
1296 950 1408 988 domi
1451 950 1696 989 adversaria

61 1018 319 1068 redigentem
357 1017 411 1056 ad
449 1028 625 1055 manum
662 1016 867 1055 habuisse
903 1016 1259 1066 epigrammatum
1297 1016 1603 1065 collectionem,
1646 1027 1698 1054 ex

0 1084 3 1120 ζ
61 1082 135 1132 qui
163 1081 459 1121 annotationes
489 1092 591 1119 suas
621 1081 850 1130 suppleret.

114 1147 456 1197 Epigrammata,
490 1157 673 1194 quorum
703 1146 866 1183 textum
895 1145 1064 1183 exhibet
1089 1145 1349 1194 Pausanias,
1383 1146 1484 1183 sunt
1509 1156 1573 1194 ep.
1595 1145 1693 1195 160,

0 1232 5 1251 ι
61 1212 176 1262 quod
217 1211 450 1261 ascriptum
493 1210 598 1249 vidit
643 1209 711 1260 (X.
751 1210 816 1248 27.
849 1208 892 1259 4)
936 1221 959 1248 a
1002 1209 1152 1248 dextra
1194 1211 1314 1259 parte
1355 1210 1566 1260 picturae,
1612 1222 1697 1259 qua

0 1279 6 1343 ’Ξ
62 1276 233 1327 Delphis
246 1276 518 1329 Polygnotus
540 1275 789 1314 Cnidiorum
810 1274 977 1313 leschae
996 1275 1200 1324 parietem
1220 1274 1496 1313 exornavisse
1514 1275 1698 1314 traditur

64 1340 187 1394 (κατὰ
216 1343 337 1381 τοῦτο
367 1343 437 1393 τῆς
465 1343 634 1392 γραφῆς
662 1338 732 1379 καὶ
762 1337 938 1390 ἐλεγεῖόν
967 1338 1048 1379 ἔστι
1076 1341 1149 1378 τοῦ
1178 1337 1536 1391 Σιμωνίδου),
1571 1342 1699 1388 atque

0 1419 17 1469 {³5

61 1419 125 1458 ep.
155 1407 253 1457 152,
287 1406 401 1456 quod
431 1405 653 1455 Olympiae
682 1405 945 1454 insculptum
974 1405 1108 1444 fuisse
1138 1405 1328 1444 Philonis
1360 1405 1584 1455 Corcyraei
1615 1408 1697 1444 sta-

0 1475 19 1499 i*
61 1475 159 1512 tuae
192 1473 346 1512 dicitur
383 1471 471 1522 (VI.
505 1470 542 1510 9.
576 1470 620 1509 9:
650 1468 785 1521 τούτῳ
814 1473 875 1521 τῷ
909 1468 1065 1509 Φίλωνι
1094 1468 1412 1522 Σιμωνίδης
1440 1469 1464 1509 ὁ
1493 1469 1697 1522 Λεωπρέ-

61 1551 169 1582 πους
196 1535 372 1589 ἐλεγεῖον
403 1534 651 1582 δεξιώτατον
680 1534 882 1587 ἐποίησε).
917 1535 1024 1575 Cum
1052 1547 1116 1585 ep.
1149 1535 1224 1574 160
1252 1536 1377 1574 etiam
1407 1536 1489 1575 ΑΡ.
1519 1537 1591 1574 ΙΧ.
1623 1537 1699 1575 700

18 1614 22 1615 ’
65 1602 272 1642 Simonidi
309 1602 563 1644 attributum
597 1601 783 1651 legatur,
827 1600 1046 1650 probabile
1073 1602 1136 1639 est
1165 1600 1421 1639 Pausaniam
1452 1601 1700 1640 adhibuisse

0 1679 22 1885 ⁷:10*5-.m⁷rs=w2uw„
18 1643 21 1645 .

4 2255 14 2261 ς
0 1929 15 2249 ψωὶικᾞτὶἎῐόῦαῦ-.ΊἉΙΨ-
0 1906 5 1910 ¹
1 1893 3 1895 “

6 2696 34 2796 :-
0 2477 37 2685 ³*aaw
0 2409 28 2466 ‘⁴5⁴‘
4 2367 26 2398 5-
0 2302 22 2360 a

62 1668 345 1715 collectionem
381 1667 738 1716 epigrammatum
776 1677 873 1705 cum
911 1666 992 1704 AP.
1026 1667 1269 1715 cognatam.
1311 1666 1430 1711 Quae
1458 1668 1698 1706 accuratius

61 1734 287 1773 definietur
316 1733 567 1772 examinatis
596 1732 648 1770 iis
676 1732 800 1782 locis,
834 1731 907 1770 ubi
940 1731 1147 1770 Simonidi
1175 1731 1470 1770 attribuuntur
1490 1732 1698 1782 epigram-

62 1802 175 1840 mata
203 1799 296 1850 ipsa
326 1810 411 1838 non
440 1798 626 1837 laudata.

117 1865 294 1904 Disserit
313 1864 524 1914 periegeta
544 1863 626 1902 III.
646 1863 684 1902 8.
706 1863 729 1902 2
749 1863 802 1902 de
821 1862 1063 1902 Archidami
1084 1862 1171 1902 filia
1193 1863 1398 1913 Cynisca,
1432 1874 1542 1912 quae
1562 1863 1698 1912 prima

62 1930 251 1970 omnium
289 1930 545 1969 feminarum
583 1940 717 1978 equos
746 1929 850 1968 aluit
879 1931 919 1968 et
949 1929 1171 1979 Olympiae
1203 1929 1419 1967 victoriam
1450 1930 1694 1978 reportavit.

64 1995 142 2037 Cui
182 1996 409 2034 memoriae
450 1995 561 2034 hanc
602 1994 797 2044 adiungit
839 1995 1272 2033 animadversionem:
1322 1992 1381 2032 ὅτι
1426 1992 1505 2045 γὰρ
1547 1993 1606 2046 μὴ
1651 1997 1699 2046 τῇ

63 2058 253 2112 Κυνίσκᾳ
290 2058 336 2100 τὸ
371 2059 614 2112 ἐπίγραμμα
650 2058 843 2111 ἐποίησεν
872 2058 1017 2103 ὅστις
1047 2058 1121 2112 δή,
1158 2057 1230 2099 καὶ
1258 2058 1312 2098 ἔτι
1341 2057 1547 2110 πρότερον
1579 2057 1698 2098 [Iav-

64 2125 183 2178 σανίᾳ
224 2123 270 2165 τὸ
312 2124 378 2165 ἐπὶ
419 2129 479 2177 τῷ
521 2123 683 2176 τρίποδι
720 2123 1037 2176 Σιμωνίδης
1077 2124 1158 2175 (ep.
1195 2123 1288 2174 138)
1328 2127 1389 2175 τῷ
1426 2122 1620 2163 ἀναθέντι
1658 2124 1700 2169 ἐς

65 2188 272 2244 Δελφούς,
296 2189 396 2230 ἄλλο
417 2205 462 2242 γε
481 2188 597 2242 παρὰ
618 2188 775 2241 ἀνδρὸς
793 2191 969 2242 ποιητοῦ
990 2187 1343 2240 Λακεδαιμονίων
1364 2191 1446 2232 τοῖς
1465 2188 1700 2239 βασιλεῦσιν

65 2254 189 2296 οὐδέν
217 2255 392 2300 ἒστιν,ἒς
419 2255 604 2308 μνήμην.
649 2255 981 2305 Epigrammatis
1013 2255 1089 2294 138
1117 2255 1288 2294 traditio
1317 2255 1454 2293 omnis
1486 2255 1608 2294 nobis
1636 2258 1700 2294 est

65 2323 230 2373 cognita
262 2321 308 2373 (ἓ
341 2321 451 2371 138).
498 2322 621 2371 Apud
651 2322 890 2371 complures
921 2321 1149 2370 scriptores
1181 2319 1525 2368 (Demosthenem
1558 2319 1698 2371 [Apol-

64 2386 301 2438 lodorum],
343 2387 642 2436 Plutarchum,
682 2386 931 2435 Aristidem,
965 2385 1299 2434 Aristodemum,
1336 2385 1535 2434 Suidam,
1568 2386 1699 2434 Apos-

65 2452 252 2503 tolium),
285 2463 394 2502 quos
422 2463 570 2490 omnes
599 2451 653 2490 ad
683 2451 973 2500 Thucydidem
1003 2451 1036 2489 Ι.
1060 2450 1134 2489 132
1164 2461 1383 2488 recurrere
1411 2451 1598 2499 constat,
1631 2462 1695 2500 ep.

65 2516 286 2556 exhibetur
315 2517 407 2556 sine
435 2517 683 2556 auctoritate
715 2516 954 2556 Simonidis·
974 2518 1102 2565 atque
1130 2515 1173 2554 in
1202 2517 1319 2554 textu
1349 2515 1519 2554 diverso
1548 2515 1602 2554 ab
1625 2527 1696 2566 eo,

46 2581 139 2631 *qui
174 2581 328 2632 legitur
366 2582 448 2621 ΑΡ.
481 2583 551 2621 VI.
596 2582 672 2621 197
714 2581 944 2621 Simonidis
984 2581 1155 2620 nomine
1192 2579 1422 2630 insignitus
1462 2579 1588 2631 (trad.
1632 2579 1695 2631 S).

67 2645 176 2686 Fieri
195 2647 325 2699 igitur
345 2659 430 2686 non
450 2649 610 2699 potest,
643 2647 747 2696 quin
770 2647 891 2686 nisus
911 2647 1136 2686 traditione
1159 2646 1187 2685 S
1210 2646 1446 2685 Pausanias
1471 2646 1700 2684 Simonidis

68 2722 220 2752 nomen
262 2713 361 2755 huic
402 2712 697 2762 epigrammati
739 2711 992 2751 attribuerit.
1041 2712 1150 2750 Eum
1194 2713 1334 2751 autem
1378 2711 1490 2749 illam
1533 2723 1618 2750 non
1657 2711 1699 2749 in

71 2774 240 2827 Sylloge
276 2778 368 2827 ipsa
406 2777 643 2827 invenisse,
686 2777 759 2816 sed
797 2777 840 2815 in
876 2779 1072 2827 excerpto
1101 2777 1192 2815 eius
1223 2776 1414 2815 Coronae
1443 2777 1702 2825 Meleagreae

68 2839 187 2880 docet
223 2842 403 2881 alterum
440 2842 702 2892 epigramma
744 2841 987 2892 (Cyniscae)
1028 2841 1081 2880 ab
1119 2853 1168 2880 eo
1204 2843 1460 2890 respectum;
1501 2841 1614 2889 quod
1650 2852 1699 2879 ex

68 2905 212 2945 eadem
232 2906 472 2946 collectione
492 2906 742 2946 arcessitum
764 2916 858 2945 esse
878 2908 1210 2945 consentaneum
1226 2908 1301 2944 est.
1337 2894 1442 2954 Eius
1459 2917 1558 2943 vcro
1575 2917 1700 2954 argu-

1 2970 15 3019 ,τ’
69 2973 257 3010 mentum
281 2971 365 3010 iam
390 2974 531 3011 monet
556 2971 597 3010 id
622 2972 665 3010 in
694 2971 865 3021 Sylloge
892 2970 1134 3009 Simonidea
1161 2982 1245 3009 non
1267 2970 1455 3009 affuisse.
1490 2970 1699 3014 Quoniam

70 3033 305 3075 Pausanias
334 3037 558 3086 profitetur
587 3049 633 3076 se
662 3039 809 3087 poetae
838 3048 990 3075 nomen
1021 3037 1219 3086 ignorare
1250 3034 1377 3086 (ὅστις
1404 3034 1496 3086 δή),
1532 3047 1701 3074 necesse

0 3098 133 3148 {qest
169 3112 266 3140 eum
304 3102 346 3140 in
386 3102 629 3141 collectione
666 3114 744 3141 sua
783 3101 1015 3140 offendisse
1052 3101 1131 3139 hoc
1159 3101 1420 3150 epigramma
1451 3100 1700 3149 insignitum

1548 3167 1569 3199 8
