2072 3568
919 211 992 253 161
1646 213 1671 270 g
1702 216 1766 259 91.

175 381 198 386 -
246 337 291 377 in
327 336 557 386 exemplari
593 337 664 376 illo
701 338 890 377 adhibito
927 339 971 378 in
1009 340 1218 389 cuiusque
1246 340 1426 390 paginae
1455 343 1590 392 capite
1617 344 1772 393 legere-

82 390 226 453 affut,
257 404 318 441 tot
344 402 479 440 lineas
507 413 586 451 pro
613 403 919 452 epigrammate
947 415 1119 453 quoque
1146 405 1359 444 eliminato
1389 419 1546 446 vacuas
1577 409 1767 459 reliquit,

80 456 82 459 ι
166 470 240 508 uot
274 479 426 506 versus
460 468 835 518 complectebatur3
875 480 952 508 nec
981 481 1082 508 vero
1110 470 1190 508 hoc
1218 470 1314 509 fecit
1344 483 1392 509 eo
1421 472 1532 522 loco,
1575 485 1660 522 quo
1688 475 1771 524 epi-

82 532 327 587 {zgjgramma
355 533 658 572 transmissum
687 534 933 582 ponendum
962 535 1074 584 erat,
1114 535 1187 573 sed
1216 538 1314 574 ante
1342 548 1437 575 eum
1469 549 1663 588 versum,
1698 540 1771 588 qui

136 599 299 651 primus
339 600 451 637 esset
491 598 535 636 in
579 610 691 637 nova
732 599 902 648 pagina.
953 599 1048 644 Quo
1089 599 1275 650 factum,
1323 603 1370 639 ut
1411 602 1563 641 lacuna
1605 615 1772 653 semper

81 660 344 713 „gjextremas
385 663 567 713 paginae
606 664 739 702 lineas
781 666 1028 714 occuparet,
1076 677 1214 714 neque
1256 667 1393 704 solum
1436 679 1521 706 non
1566 680 1644 707 suo
1681 669 1771 708 loco

84 718 114 759 'ff‘
135 730 416 778 compareret,
459 729 534 767 sed
568 729 673 767 adeo
706 729 751 767 in
786 719 972 768 inedium
1000 730 1261 780 epigramma
1290 731 1489 770 devenire
1516 735 1671 782 posset.
1718 735 1770 772 In

134 793 437 842 manuscriptis
466 793 793 845 recentioribus,
826 806 1008 844 quorum
1040 795 1222 845 paginae
1250 796 1394 845 plures
1424 809 1553 846 quam
1577 799 1635 836 illi
1660 799 1769 838 codi-

83 859 202 900 ζωοῦ
240 869 392 897 versus
430 858 805 909 amplectebantur,
847 859 1025 898 lacunae
1063 872 1148 899 non
1186 861 1269 899 iam
1303 861 1346 899 in
1376 862 1630 911 paginarum
1659 864 1771 903 calce

132 925 253 963 erant
281 935 419 972 neque
446 934 574 962 suum
602 924 811 967 linearum
840 925 1047 964 ambitum
1077 926 1329 976 servabant,
1372 927 1530 978 quippe
1558 930 1770 968 nescirent

133 988 344 1038 homines,
368 1000 655 1038 quorumnam
675 990 1339 1040 epigrammatum·neglectorum
1355 1003 1427 1031 eae
1442 995 1583 1031 essent
1599 994 1764 1041 indicia.

82 1051 276 1098 Huius
310 1054 565 1103 suspicionis
595 1054 802 1093 rationem
830 1055 1060 1094 lectoribus
1089 1067 1156 1094 me
1185 1057 1465 1105 probaturum
1496 1070 1621 1107 posse
1648 1061 1764 1108 puto.

178 1117 234 1158 Si
261 1130 332 1169 ea,
371 1130 482 1168 quae
508 1119 619 1168 dixi,
653 1122 745 1158 rata
774 1122 897 1170 sunt,
930 1132 1103 1159 necesse
1130 1123 1194 1159 est
1224 1134 1419 1172 versum,
1452 1123 1526 1172 qui
1555 1135 1770 1173 quamque

80 1173 176 1229 ῑῗὶιι
204 1184 286 1223 ΑΡ.
314 1184 511 1223 lacunam
541 1186 747 1234 sequatur
778 1184 843 1236 (V.
871 1186 909 1235 4,
925 1186 969 1233 3;
983 1184 1071 1224 VI.
1103 1186 1191 1236 126,
1210 1186 1250 1233 1;
1284 1187 1373 1237 144,
1392 1188 1432 1235 1;
1466 1189 1554 1238 158,
1573 1188 1637 1239 1),
1671 1201 1768 1228 cum

77 1289 85 1295 ,
82 1246 175 1299 „Ain
194 1249 333 1299 primo
348 1249 493 1288 codice
511 1251 601 1288 tum
622 1250 665 1288 in
687 1251 874 1289 secundo
891 1251 1096 1300 scriptum
1113 1251 1304 1290 fuissem
1321 1263 1443 1291 nova
1456 1254 1626 1303 pagina.
1661 1255 1768 1294 Cum

89 1315 271 1363 {sautem
309 1315 420 1353 inter
457 1326 610 1353 versus
648 1315 719 1354 VI.
760 1315 877 1365 126,1
908 1317 948 1355 et
980 1316 1097 1367 144,1
1128 1317 1390 1357 intercedant
1419 1320 1585 1358 tantum
1615 1332 1767 1359 versus

85 1376 183 1425 56
226 1378 1248 1433 (6†6><4†2-1—4÷8><2-4—4),
1301 1384 1519 1433 probabile
1560 1386 1624 1423 est
1666 1386 1768 1424 haec

82 1440 436 1498 epigrammata
479 1445 669 1484 extitisse
706 1446 749 1484 in
787 1445 1163 1497 subsequentium
1200 1449 1397 1487 foliorum
1436 1450 1604 1499 paginis
1643 1451 1767 1489 rectis

83 1495 224 1567 &ganive
259 1510 409 1549 versis.
459 1510 663 1560 Singulae
699 1511 868 1550 illorum
906 1513 1098 1551 codicum
1129 1513 1309 1563 paginae
1337 1514 1467 1564 igitur
1496 1515 1767 1554 continebant

79 1571 283 1622 {versus
314 1574 384 1626 (56
412 1574 464 1626 -ιῃ
493 1575 517 1614 2
550 1573 625 1626 [se.
655 1575 1004 1628 ep.X111.4])·
1034 1578 1058 1616 2
1088 1595 1139 1610 =
1168 1578 1232 1617 29.
1275 1579 1329 1617 Et
1358 1591 1504 1618 revera
1535 1591 1686 1618 versus
1716 1582 1762 1619 v.

79 1630 178 1691 131724,
217 1639 242 1680 3
278 1640 444 1690 primus
481 1641 616 1680 fuisse
654 1641 822 1680 videtur
850 1642 892 1680 in
923 1643 1055 1681 altera
1084 1643 1239 1682 codicis
1268 1645 1446 1694 pagina,
1488 1645 1625 1695 prima
1654 1646 1766 1684 enim

83 1703 484 1755 complectebatur
525 1706 693 1745 titulum
737 1707 833 1746 libri
874 1706 935 1758 (1)
975 1707 1026 1758 —f—
1063 1709 1326 1758 prooemium
1365 1710 1575 1759 Cephalae
1614 1709 1674 1761 (3)
1715 1711 1767 1762 4-

79 1759 222 1827 ξορρ.
246 1771 294 1810 v.
324 1770 427 1810 1—ss
458 1770 501 1822 (3
531 1771 580 1821 ><
611 1770 653 1821 6)
685 1771 736 1822 ÷
764 1784 829 1822 ep.
853 1773 899 1812 v.
929 1774 975 1823 4,
1018 1774 1120 1812 1—2
1152 1773 1212 1824 (2)
1244 1773 1295 1824 -μ
1324 1787 1388 1824 ep.
1418 1776 1537 1814 xm.
1568 1775 1587 1814 1
1622 1775 1683 1826 (5)
1714 1793 1767 1808 Ξ

81 1825 282 1892 {versus
319 1835 384 1875 29.
417 1837 581 1875 'Moneo
617 1837 661 1876 in
700 1838 841 1877 codice
874 1839 1066 1878 Palatino
1095 1839 1277 1889 singulis
1307 1841 1474 1890 paginis
1503 1841 1584 1891 legi
1614 1853 1766 1880 versus

74 1897 300 1943 'wag-35-

83 1956 114 2007 Ξ
180 1965 304 2006 Nunc
344 1966 588 2017 videamus,
636 1970 741 2019 quot
783 1969 981 2008 versibus
1024 1972 1177 2019 quarta
1219 1971 1373 2010 lacuna
1419 1970 1534 2022 (post
1562 1972 1632 2010 VI.
1668 1970 1762 2022 157)

75 2027 277 2079 {subesse
315 2032 509 2071 videatur
546 2033 601 2072 ab
637 2045 713 2083 ea,
760 2045 870 2083 quae
907 2037 971 2074 est
1009 2036 1105 2084 post
1142 2035 1212 2074 VI.
1253 2035 1347 2075 143:
1392 2036 1416 2074 4
1446 2036 1497 2086 4-
1527 2037 1551 2075 2
1581 2036 1631 2084 -Ρ-
1660 2037 1684 2075 4
1716 2037 1763 2087 ><

78 2088 154 2146 4
180 2094 232 2147 «Ι-
259 2096 284 2135 2
312 2096 364 2148 -†-
392 2097 416 2137 3
448 2098 495 2148 ><
525 2099 549 2137 4
579 2097 630 2149 -l-
658 2098 683 2138 8
712 2098 763 2148 -ξ-
793 2099 817 2138 6
846 2098 897 2148 -Ι-
926 2100 950 2138 2
982 2100 1028 2150 ><
1059 2101 1083 2139 4
1126 2117 1179 2132 =
1222 2100 1296 2140 58.
1358 2101 1508 2140 Nonne
1559 2113 1789 2141 numerus·

73 2160 234 2201 ‘mire
259 2162 490 2202 convenit?
521 2163 671 2213 Itaque
699 2175 763 2213 ep.
789 2165 859 2203 VI.
890 2164 966 2204 158
994 2165 1165 2204 duabus
1193 2166 1362 2216 paginis
1391 2168 1486 2215 post
1515 2178 1580 2216 ep.
1595 2167 1666 2205 VI.
1689 2167 1763 2205 144

100 2226 168 2268 92
203 2228 405 2276 quattuor
442 2230 538 2277 post
575 2240 640 2278 ep.
673 2229 744 2268 VI.
784 2229 860 2268 126
897 2229 941 2268 in
979 2241 1090 2269 nova
1128 2231 1283 2280 pagina
1322 2232 1527 2280 scriptum
1563 2234 1665 2270 erat.
1712 2232 1764 2270 At

83 2294 331 2339 &versuum
356 2304 567 2332 summam
595 2305 680 2332 non
707 2294 779 2343 58,
814 2294 888 2333 sed
913 2295 963 2334 56
987 2298 1310 2344 expectaveras,
1345 2307 1442 2334 nam
1467 2297 1509 2334 in
1534 2297 1764 2347 archetypo

84 2352 549 2416 Ἰ,ὶιιῦιιρων.1οςω1)ιιιιιι·
576 2370 641 2408 ep.
673 2357 875 2398 duorum
905 2371 1109 2398 versuum
1140 2361 1259 2399 XIII.
1291 2361 1326 2399 7.
1383 2361 1533 2411 Itaque
1562 2363 1656 2411 post
1685 2362 1763 2401 hoc

62 2412 385 2478 {gepigramma
423 2423 649 2463 dimissum
687 2424 763 2463 uni
792 2424 967 2464 alterive
995 2426 1290 2475 epigrammati
1320 2425 1414 2465 duo
1444 2438 1596 2465 versus
1625 2438 1762 2466 acces-

83 2477 287 2549 fgssssserunt.
321 2486 399 2527 Cui
419 2488 744 2539 epigrammati?
776 2488 957 2530 Scilicet
977 2489 1308 2542 epiyrammati
1324 2490 1556 2531 Leocratis
1576 2491 1642 2531 VI.
1663 2491 1758 2542 144,

82 2549 248 2610 {senius
283 2553 464 2592 alterum
501 2554 711 2594 distichon
749 2555 978 2594 insiticium
1017 2558 1165 2595 auctor
1200 2557 1488 2606 inscriptionis
1517 2558 1763 2607 choregicae

84 2642 182 2732 spu?
135 2616 275 2659 etatis
298 2617 514 2658 Romanae
538 2620 729 2659 nondum
753 2621 893 2671 novit,
927 2621 1045 2660 novit
1073 2621 1242 2660 Suidas.
1277 2622 1368 2661 Hac
1393 2622 1576 2671 denique
1601 2622 1763 2661 ratione

190 2684 512 2723 monstravimus
544 2685 909 2735 interpolationem
939 2675 1113 2726 alterius
1142 2686 1309 2726 distichi
1339 2688 1656 2737 epigrammatis
1687 2688 1756 2726 VI.

231 2763 284 2779 =
310 2746 408 2787 213*
438 2747 622 2799 Cephala
651 2761 746 2789 esse
773 2752 1048 2800 posteriorem
1078 2751 1163 2802 132).

277 2913 453 2953 Quattuor
481 2915 623 2949 illorum
654 2918 951 2959 epigrammatum
983 2918 1179 2950 eliminatio
1211 2929 1279 2951 non
1308 2918 1520 2960 conspicitur
1544 2918 1577 2950 in
1604 2918 1760 2950 numeris

181 2978 205 3011 g
247 2971 372 3003 mmati
405 2971 539 3005 decimo
574 2973 703 3015 cuique
738 2973 908 3006 librorum
943 2974 1059 3016 quinti
1095 2978 1131 3006 et
1165 2975 1252 3006 sexti
1291 2975 1455 3016 appositis
1486 2973 1543 3014 (cf.
1569 2975 1719 3006 Stmltm.
1748 2975 1757 3006 Ι

87 3017 160 3073 ξφ.
179 3023 247 3063 223
276 3030 314 3060 et
334 3026 434 3068 419);
465 3029 501 3061 in
525 3029 675 3071 septimo
699 3039 780 3062 vero
804 3030 892 3062 libro
917 3031 1132 3062 calculorum
1157 3031 1397 3063 confusionem
1425 3041 1692 3072 nonnumquam
1717 3041 1757 3063 ex

86 3080 377 3124 epigmmmate
407 3084 526 3127 aliquo
558 3090 693 3119 remoto
725 3086 889 3128 explicari
915 3096 1013 3129 posse
1038 3087 1159 3119 monui
1183 3085 1200 3126 ἓ
1223 3085 1277 3119 94.
1316 3087 1406 3120 llaec
1431 3097 1486 3119 res
1510 3087 1655 3119 sortasse
1680 3087 1759 3120 inde

107 3140 115 3146 “”
1583 3141 1622 3176 11
