2072 3568
395 198 495 246 (lap.
532 195 620 243 111,
654 195 718 233 6---
734 196 771 233 8.
1185 194 1237 232 90

394 324 482 359 tum
514 319 790 370 Anthologiae
820 319 996 369 Lyricae
1026 318 1292 370 Bergkianae
1318 318 1502 358 editores
1531 318 1741 359 Hillerum
1767 320 1899 371 atquo
1924 318 2032 363 Oru-

394 386 526 435 sium,
569 385 643 435 qui
673 385 822 424 litteris
851 385 957 424 adeo
985 384 1219 423 maioribus
1249 384 1327 424 hos
1356 384 1627 424 hexametros
1657 383 1791 436 (apud
1817 395 1892 426 eos
1921 384 2027 429 sm.

392 463 455 502 cp.
494 450 586 501 167)
616 450 887 490 excutiendos
916 453 1191 490 curaverunt.
1250 470 1257 481 ι

448 516 474 567 §
514 517 577 556 52.
640 515 707 556 De
746 516 802 555 fr.
841 515 938 555 222
967 514 1078 566 Byk-
1140 515 1396 555 Plutarchus
1437 515 1603 566 (Them.
1637 515 1677 566 1)
1705 515 2030 558 Themhtodm

395 582 727 632 Lycomedarum
770 581 885 632 genti
922 583 1150 631 cognatum
1191 581 1325 620 fuisse
1361 593 1413 620 ex
1449 592 1500 621 eo
1537 581 1702 633 arguit,
1746 580 1864 633 quod
1899 580 2032 623 huin

391 648 529 697 gentis
558 647 781 697 sacellum,
822 646 937 696 quod
966 649 1057 686 erat
1085 646 1200 697 apud
1230 646 1487 697 Phlyenses,
1528 658 1554 687 a
1582 646 1781 688 barbaris
1805 646 2029 688 inmun

391 713 481 763 ipse
509 711 1057 762 instauravit.picturisque
1083 712 1275 762 ornavit,
1309 709 1371 756 ὡς
1398 709 1443 751 Σ
1448 726 1461 751 ι
1470 710 1717 765 μωνίὸης
1741 710 2027 765 tondant-⁰).

392 779 491 818 Iure
531 778 823 817 Schneidewin
853 790 893 828 p.
929 777 1004 818 186
1026 776 1079 827 1⁰)
1110 778 1356 828 suspicatus
1383 779 1448 817 est
1476 775 1770 829 epimamma
1796 776 2030 819 Simonidis

392 844 458 883 hic
482 843 677 894 spectari.
711 844 862 893 Itaque
886 844 928 883 in
954 843 1195 893 antiquiore
1214 843 1344 882 huius
1365 844 1593 883 memoriae
1610 843 1749 884 forma
1765 842 2030 896 mgnum

391 910 554 959 ipsum,
591 921 677 959 quo
705 909 1008 949 Themistocles
1038 909 1178 949 sacelli
1209 909 1474 948 restaurator
1501 908 1806 960 celebraretur,
1836 907 2030 950 adduam

391 976 523 1014 fuisse
548 974 715 1014 videtur
734 975 863 1025 idque
885 974 1116 1015 Simonidis
1137 974 1308 1014 nomine
1326 974 1600 1014 instructum.
1631 973 1863 1020 Quaeritur
1880 973 2027 1027 igitur,

389 1052 476 1090 quo
513 1039 628 1079 fonte
666 1039 827 1079 nitatur
863 1040 932 1079 illa
970 1039 1213 1079 Simoniden
1243 1039 1488 1079 auctoritas.
1538 1038 1750 1090 Scriptor,
1788 1050 1844 1080 ex
1869 1050 1960 1091 quo
1981 1038 2029 1081 in

391 1106 665 1146 Plutarchum
697 1106 884 1145 manavit
913 1105 1082 1155 notitia,
1124 1116 1229 1144 sane
1259 1103 1492 1144 Simonidis
1521 1115 1676 1144 nomen
1703 1104 1759 1145 de
1783 1104 2028 1147 eonioetura

389 1172 683 1222 epigrammati
722 1171 888 1211 adicere
923 1171 1058 1221 potuit
1086 1173 1261 1221 propter
1289 1170 1640 1221 familiaritatem,
1680 1181 1767 1221 qua
1793 1169 2029 1226 Themisto-

388 1238 472 1276 cles
500 1240 629 1287 atque
657 1239 778 1287 poeta
807 1236 875 1275 usi
903 1238 1065 1285 essent;
1097 1236 1172 1276 sed
1200 1236 1346 1275 eodem
1376 1236 1469 1275 iure
1497 1235 1735 1286 sumpseris
1753 1234 2028 1277 coniectorem

389 1303 543 1353 fuisse,
585 1303 658 1353 qui
700 1302 906 1342 Simonidi
944 1314 1009 1353 ep.
1051 1302 1334 1352 ascripsisset.
1381 1302 1488 1340 Tum
1525 1301 1779 1352 historicus,
1817 1301 1874 1341 ad
1897 1311 2027 1353 qum

390 1369 569 1407 recurrit
621 1369 873 1407 Plutarchea
922 1368 1068 1407 notitia
1086 1398 1096 1418 ,
1151 1367 1351 1418 Syllogen
1399 1378 1638 1417 usurpasse
1680 1365 1902 1417 putandus
1944 1368 2024 1408 est.

389 1433 499 1472 Nihil
529 1446 607 1484 pro
635 1436 749 1473 certo
775 1433 984 1473 affirmari
1009 1445 1157 1483 posse,
1189 1444 1287 1472 cum
1311 1432 1632 1483 epigrammatis
1655 1434 1800 1473 textus
1821 1431 2029 1473 interierit

389 1510 526 1549 neque
564 1499 778 1539 Plutarchi
816 1501 965 1539 auctor
1002 1499 1245 1539 accuratius
1282 1498 1459 1539 indicari
1498 1498 1657 1549 possit,
1698 1509 1785 1539 uon
1817 1499 1885 1539 est
1909 1496 2027 1549 quod

388 1575 595 1604 moneam.

1013 1689 1049 1729 7.
1111 1697 1392 1729 ΡΑνοιιιΝυε.

442 1825 468 1878 ,8
499 1827 563 1866 53.
626 1826 693 1866 De
739 1825 971 1866 Favorino
1024 1825 1256 1867 Coronam
1303 1824 1610 1877 Meloayream
1658 1823 1913 1866 adhibenti.
1971 1825 2025 1865 In

386 1892 576 1931 oratione
614 1892 905 1941 Corinthiaca,
947 1903 1058 1941 quae
1093 1894 1158 1931 est
1195 1892 1306 1931 inter
1343 1892 1525 1931 Dioneas
1562 1891 1634 1931 37ει
1669 1893 1712 1930 et
1747 1902 1773 1931 a
1811 1890 2026 1931 Favorino

386 1957 617 2007 composita
654 1959 718 1996 est
758 1957 828 2006 (cf.
871 1957 1018 1996 Arnim
1057 1957 1099 1995 11
1139 1969 1180 2007 p.
1213 1957 1281 1996 111
1318 1960 1360 1996 et
1397 1969 1438 2007 p.
1470 1956 1549 1997 363
1587 1957 1629 1996 in
1667 1956 1807 1997 indice
1832 1955 1927 1997 oon.
1954 1966 2021 1997 or.

389 2021 415 2072 ἓ
454 2022 527 2071 25,
570 2022 843 2061 Wilamowitz
880 2034 921 2072 p.
954 2022 1055 2072 308,
1098 2021 1348 2072 ‘Emperius
1385 2022 1438 2061 de
1473 2033 1536 2061 or.
1570 2022 1667 2062 Gor.
1699 2021 1809 2062 falso
1836 2021 1887 2062 D.
1917 2020 2021 2063 chr.

386 2088 524 2127 adscr.
567 2088 754 2127 Brunsv.
799 2087 901 2127 1832
939 2100 979 2138 p.
1015 2087 1064 2127 12
1102 2099 1196 2137 sqq.
1241 2086 1344 2139 [vid.
1387 2087 1574 2137 Emperii
1610 2087 1677 2127 ed.
1718 2098 1760 2138 p.
1791 2086 1892 2127 XXI
1926 2086 2021 2128 οοΙΙ.

388 2153 515 2193 FHG.
550 2153 630 2192 111.
663 2151 780 2204 5771)
814 2151 840 2204 ξ
873 2153 922 2192 18
950 2165 1015 2203 sq.
1047 2153 1134 2192 duo
1162 2153 1395 2192 laudantur
1422 2153 1731 2204 epigrammata
1753 2151 2025 2194 Corinthiae·

385 2221 425 2257 et
462 2218 693 2258 Simonidis
723 2219 893 2258 nomine
921 2218 1123 2269 insignita
1152 2221 1193 2258 et
1221 2221 1339 2258 textu
1367 2218 1423 2258 ab
1452 2219 1649 2269 Ephoreo
1678 2217 1810 2270 (Plut.
1840 2217 1884 2258 d.
1914 2217 2020 2259 Her.

387 2295 440 2322 m.
470 2283 543 2333 39,
576 2284 629 2323 cf.
660 2282 686 2334 ἓ
717 2283 787 2334 29)
818 2284 1116 2334 discrepantia.
1151 2285 1267 2335 Ergo
1295 2284 1449 2323 horum
1477 2284 1835 2335 epigrammatum
1851 2282 2024 2324 mdiu·

385 2360 507 2388 onem
538 2349 571 2388 A
601 2349 824 2399 Ephorus,
859 2349 888 2389 S
920 2350 1160 2389 Favorinus
1189 2350 1393 2399 praebere
1421 2349 1603 2389 videtur.
1635 2349 1715 2400 Ep.
1739 2348 1855 2390 sein
1875 2347 2023 2389 eodm

385 2416 502 2453 textu
544 2414 599 2454 ab
640 2415 837 2464 Ephoreo
877 2415 1107 2454 discedenti
1150 2415 1306 2466 legitur
1347 2415 1429 2454 ΑΡ.
1472 2415 1566 2454 VII.
1612 2414 1711 2465 347,
1755 2425 1810 2454 ex
1851 2413 2024 2466 Sylloge

388 2479 629 2519 Simonidea
650 2481 780 2531 igitur
800 2483 1082 2531 propagatum
1105 2480 1357 2530 (Simonidis
1378 2492 1530 2520 nomen
1544 2510 1555 2530 ,
1582 2480 1699 2530 quod
1717 2479 1762 2520 in
1781 2471 2022 2520 scribarum

385 2545 539 2583 codicis
578 2546 758 2585 Palatini
795 2546 911 2585 fonte
947 2546 1127 2585 affuisse
1165 2546 1391 2585 verisimile
1427 2549 1513 2595 est,
1554 2546 1598 2585 in
1635 2546 1779 2586 codice
1812 2545 1908 2597 ipso
1931 2555 2020 2586 non

385 2610 568 2660 amplius
605 2611 778 2661 legitur,
819 2611 872 2650 cf.
908 2610 934 2662 ἓ
965 2611 1015 2650 84
1052 2613 1148 2661 post
1175 2611 1532 2662 epigrammatum
1561 2609 1786 2661 tabulam).
1830 2609 2021 2650 Alterum

383 2686 448 2724 ep.
494 2675 546 2714 96
587 2675 731 2715 itidem
772 2677 816 2715 in
862 2676 1034 2727 Sylloge
1074 2676 1227 2716 lectum
1269 2688 1366 2715 esse
1406 2678 1569 2715 certum
1611 2679 1704 2726 est,
1737 2674 1867 2716 ⁴haud
1905 2674 2021 2715 enim

442 2846 473 2886 9)
520 2846 581 2880 Hic
614 2848 739 2880 uniens
770 2852 824 2880 est
855 2848 968 2888 locus,
1002 2847 1060 2880 ubi
1091 2849 1164 2881 solo
1187 2849 1377 2882 Simonidis
1402 2850 1544 2882 nomine
1568 2851 1844 2882 commemorato
1865 2847 2021 2883 Simoni·

383 2903 489 2935 deum
513 2904 731 2945 epigramma
755 2904 876 2946 oespici
900 2905 1049 2937 videtur.
1076 2905 1113 2937 lu
1139 2904 1253 2937 Schol.
1276 2905 1420 2938 Theocr.
1446 2906 1520 2938 xli.
1539 2905 1582 2938 ⁸27
1605 2916 1674 2938 non
1694 2904 1806 2937 alludi
1825 2903 1868 2937 ad
1886 2913 1942 2947 ep.
1953 2902 2019 2938 ¹⁰⁷

383 2959 452 2991 iam
478 2959 652 2992 monitum
676 2964 731 2992 est
753 2970 861 3002 supra
884 2971 917 2993 n.
941 2960 973 2993 3.
998 2961 1047 2994 De
1070 2971 1123 3002 ep.
1147 2960 1213 2994 166
1234 2962 1278 2994 ef.
1302 2962 1319 3002 ξ
1343 2961 1396 2994 77.

429 3014 474 3054 ¹0)
519 3015 571 3048 Cf.
595 3020 776 3057 praeterea
800 3017 911 3059 Bergk
936 3017 978 3049 ad
1004 3018 1045 3049 fr.
1065 3017 1149 3059 22⁴2,
1175 3018 1294 3050 Busolt
1319 3017 1376 3051 11².
1399 3017 1466 3050 639
1488 3029 1540 3061 sq.
1565 3029 1599 3051 n.
1618 3018 1659 3059 5,
1683 3018 1798 3051 Bauer
1817 3017 2019 3051 'rhemmo-

384 3071 459 3103 kles
484 3081 515 3112 p.
539 3070 592 3104 11.
