2072 3568
344 228 445 277 Cap.
479 223 568 276 111,
604 224 665 266 19.
1123 222 1196 263 164

341 352 474 391 eidem
511 352 658 402 poetae
691 352 803 390 esset
838 348 1066 398 tributum;
1102 348 1171 389 cui
1201 358 1348 388 revera
1378 347 1482 388 haec
1508 358 1604 399 epp.
1630 346 1836 400 inscflpta
1861 347 1908 389 in

343 418 458 457 nisse
487 417 671 457 vidimus
702 415 935 455 Planudem
958 414 1042 465 ιω).

394 482 511 523 Ordo
538 493 642 533 ergo
668 481 1024 532 epigrammatum
1053 478 1130 519 344
1147 490 1199 530 a,
1232 477 1310 518 344
1327 477 1377 528 b,
1409 476 1522 528 344‘,
1554 477 1634 519 345

342 546 505 588 eratin
522 546 660 587 Anile.
673 545 961 598 Cephalana:
1190 544 1256 584 est
1283 541 1335 583 in
1364 541 1504 583 Antia.
1532 541 1782 584 Palatina.-
1958 542 2019 588 εἰ]

342 625 384 652 α.
417 624 481 663 ep.
509 612 587 652 344
604 623 653 652 a:
683 609 932 663 Σιμωνίὸου
983 622 1026 650 a.
1059 621 1124 660 ep.
1151 609 1230 649 344
1246 620 1295 649 a:
1326 605 1575 660 Σιμωνίδου

343 677 382 718 I).
418 690 483 728 ep.
512 677 589 717 344
609 676 655 716 b:
686 678 759 716 τοῦ
788 674 919 715 αὐτοῦ

342 755 375 782 e.
419 754 484 793 ep.
513 741 611 782 344·
644 754 655 782 ε
686 740 908 782 Λεωνίόου
992 752 1026 780 c.
1058 752 1124 791 ep.
1152 739 1251 780 344·
1286 751 1296 778 2
1326 741 1400 779 τοῦ
1428 737 1560 779 αὐτοῦ
1975 730 2030 777 ts?

342 807 386 848 d.
419 820 484 858 ep.
513 808 591 847 345
646 820 656 847 :
686 806 921 847 ἀῦἑσποτον
984 805 1028 846 d.
1061 817 1126 856 ep.
1154 805 1232 845 345
1287 802 1563 844 εάὀέσποτον
1589 802 1631 843 οἱ
1657 801 1706 844 ὀὶ
1730 799 2018 857 Σιμωνίδη

1143 870 1404 922 sequuntur
1429 880 1530 921 epp.
1559 866 1812 910 346-850
1966 862 2014 894 «ἶ
2014 877 2020 882 ’
2043 890 2046 891 ⁷

985 936 1025 976 b.
1060 948 1126 987 ep.
1154 934 1296 976 3441).
1327 932 1603 987 Καλλιμάχου
1624 933 1687 987 (in
1702 933 1896 975 alumi·-

1324 1001 1404 1041 257
1431 999 1589 1051 lineis).

341 1070 458 1110 Ordo
495 1069 692 1119 titulique
718 1069 850 1119 igitur
876 1068 1049 1108 demum
1079 1068 1120 1107 in
1151 1067 1294 1108 codice
1323 1066 1516 1107 Palatino
1542 1066 1638 1117 ipso
1663 1062 1873 1106 contusi
1974 1061 2037 1117 ξς,

342 1136 476 1175 Cuius
514 1136 572 1175 rei
611 1146 722 1184 quae
749 1145 879 1174 causa
909 1134 985 1184 sit,
1028 1134 1070 1173 in
1101 1133 1327 1184 propatulo
1354 1143 1449 1172 esse
1475 1133 1594 1182 puto.
1638 1131 1674 1171 A
1700 1130 1816 1172 enim
1840 1129 2012 1183 W

341 1201 418 1240 344
435 1199 461 1240 b
498 1200 694 1240 omisisse
731 1200 900 1239 videtur
936 1202 1032 1250 post
1069 1199 1146 1238 344
1163 1210 1216 1247 a,
1257 1209 1403 1238 errore
1430 1199 1574 1238 autem
1602 1197 1647 1236 in
1675 1197 1867 1247 mpure

341 1267 567 1306 madverso
594 1266 857 1316 epigramma
886 1265 929 1304 in
958 1264 1130 1304 duabus
1154 1264 1316 1304 ultimis
1338 1263 1522 1314 paginae
1543 1261 1668 1302 lineis
1690 1260 1902 1313 poenit.
1985 1251 2000 1260 V

340 1344 437 1371 eum
479 1333 621 1371 autem
664 1331 1004 1381 manuscriptum
1046 1332 1139 1369 erat
1178 1329 1451 1369 tractandum
1493 1328 1550 1368 ab
1592 1328 1648 1378 L,
1693 1328 1743 1368 ut
1807 1345 1852 1359 -ιι
1879 1345 1896 1358 ·-
1975 1323 2006 1337 ᾖ

341 1399 593 1447 apponeret,
635 1396 690 1436 ab
719 1397 774 1446 C,
815 1398 863 1435 ut
890 1398 1052 1436 textum
1082 1395 1312 1446 corrigeret
1340 1396 1652 1444 auctorumque
1676 1391 1825 1432 titulos

341 1462 470 1502 beret
519 1462 713 1501 Scribam
752 1462 785 1500 L
821 1472 942 1500 error
979 1460 1034 1500 ab
1070 1461 1104 1499 A
1135 1460 1393 1500 commissus
1421 1470 1507 1499 non
1535 1457 1702 1509 effugit.
1762 1463 1770 1474 '
1843 1474 1849 1483 ·

342 1528 526 1578 spatium
566 1527 801 1577 marginale
836 1527 955 1566 iuxta
991 1538 1057 1577 ep.
1094 1525 1173 1565 344
1197 1536 1228 1565 a
1264 1524 1454 1576 implevit
1490 1524 1689 1563 lemmate
1723 1520 1841 1569 εἰς

341 1606 427 1632 τινα
457 1592 506 1632 ὃν
530 1593 536 1643 Ι
561 1591 761 1644 ἐφρούρει
789 1590 899 1632 λέων
925 1590 1215 1644 μαρμάρινος,
1247 1592 1347 1630 ante
1366 1602 1432 1640 ep.
1447 1589 1524 1630 344
1540 1587 1569 1629 b
1588 1589 1742 1629 lemma
1796 1605 1824 1621 ;·-
1844 1607 1860 1621 »⁴
1910 1606 1913 1616 ·
1986 1609 1991 1611 -

341 1659 504 1708 fusius,
543 1670 640 1698 cum
669 1658 705 1697 ei
734 1658 874 1697 maius
902 1659 1074 1707 praesto
1101 1658 1214 1696 esset
1241 1656 1428 1706 spatium
1457 1654 1576 1694 nullo
1601 1653 1950 1705 epigrammab
1965 1636 2031 1695 f}

341 1724 420 1763 hac
458 1724 613 1774 pagina
651 1725 875 1773 sequente:
914 1721 971 1766 εἰς
999 1720 1162 1761 Λέοντά
1188 1735 1276 1761 τινα
1300 1719 1356 1772 Ι
1332 1735 1382 1760 ον
1407 1719 1519 1760 λέων
1546 1717 1614 1760 ἐπὶ
1640 1720 1715 1760 τοῦ
1737 1718 1747 1771 Ι
1965 1723 1967 1726 “

341 1788 491 1829 ἔσκεπε
514 1790 520 1839 1
545 1786 714 1833 λίθινος.
1988 1802 2021 1830 -r,

395 1854 685 1894 Correctorem
723 1864 825 1892 vero
860 1851 1181 1903 epigrammatis
1217 1851 1295 1891 344
1312 1850 1339 1891 b
1371 1850 1650 1901 transpositio
1675 1849 1813 1892 latuit.
1857 1846 1992 1898 ΡΜ*
1989 1840 2027 1900 g?

341 1930 471 1969 quam
499 1919 795 1970 epigrammati
822 1918 900 1958 344
917 1929 948 1958 a
974 1918 1147 1958 titulum
1175 1914 1425 1968 Σιμωνίδου
1453 1915 1671 1966 adiunxit,
1706 1913 1925 1956 titulum

341 1983 494 2035 αὐτοῦ,
535 1985 609 2035 qui
648 1984 885 2035 pertinebat
919 1984 972 2023 ad
1007 1995 1074 2034 ep.
1101 1982 1179 2023 344
1195 1981 1244 2033 b,
1286 1982 1435 2022 tribuit
1461 1981 1651 2021 eiusdem
1679 1978 1870 2021 ambitu·

341 2051 567 2100 grammati
604 2049 717 2090 344‘.
765 2049 1036 2099 Sequebatur
1073 2048 1117 2088 in
1155 2048 1349 2088 Palatino
1384 2047 1528 2087 codice
1562 2058 1629 2098 ep.
1666 2045 1746 2086 345
1771 2044 1903 2087 iam

342 2116 463 2155 metri
502 2116 706 2155 varietate
733 2115 1017 2165 versibusque
1044 2113 1315 2153 brevioribus
1344 2110 1631 2163 (choliambis)
1659 2111 1719 2151 ita
1745 2110 1897 2197 inter

341 2181 466 2231 tylica
503 2182 693 2221 carmina
729 2181 1032 2231 conspicuum,
1072 2182 1121 2219 ut
1158 2179 1214 2229 C,
1254 2189 1518 2229 quamquam
1555 2177 1600 2217 in
1632 2187 1725 2218 ann

341 2245 486 2285 titulos
514 2257 659 2285 errore
686 2247 949 2295 mutaverat,
981 2245 1125 2284 statim
1150 2245 1229 2284 hoc
1252 2255 1424 2284 carmen
1447 2244 1491 2282 in
1512 2242 1730 2283 Michaelis
1758 2259 1819 2275 0¹2
1839 2258 1889 2274 »-··
1957 2251 2005 2279 2

342 2309 575 2351 ἀόέσποτον
611 2310 844 2362 significari
883 2311 1058 2350 videret.
1104 2310 1217 2356 Quid
1245 2308 1363 2349 tum?
1406 2308 1611 2348 Restabat
1636 2306 1829 2348 carmine
1862 2325 1868 2339 ι
1907 2310 1909 2313 “

341 2378 462 2414 tutus
506 2376 826 2427 epigrammatis
871 2374 970 2415 344·
1016 2375 1167 2415 titulus
1209 2372 1444 2414 Λεωνίόου.
1499 2372 1624 2419 Quod
1664 2382 1820 2412 nomen
1871 2379 1891 2405 ’ν
1961 2363 2014 2411 ἶ·

342 2438 575 2480 ἀδέσποτον
611 2441 715 2480 illud
743 2452 795 2480 ex
823 2441 1066 2480 coniectura
1093 2439 1390 2491 epigrammati
1417 2438 1496 2479 345
1523 2437 1718 2478 additum
1978 2438 2007 2454 ᾗ·

344 2506 630 2555 recipiendum
654 2517 740 2545 non
764 2506 900 2545 duxit.
935 2505 982 2545 Si
1004 2503 1279 2555 quaerendus
1302 2506 1415 2543 esset
1436 2505 1583 2554 poeta,
1614 2503 1726 2543 alins
1743 2502 1787 2552 φὶ
1822 2520 1841 2534 ι»

342 2572 454 2620 erat,
499 2570 611 2610 idem
648 2571 826 2620 scilicet,
868 2571 937 2610 cui
974 2570 1233 2621 praecedens
1269 2569 1527 2619 ascripserat
1562 2568 1827 2619 epigramma
1939 2586 2031 2600 1

343 2634 385 2673 in
423 2646 510 2684 quo
545 2637 586 2675 et
622 2636 716 2685 ipso
743 2635 797 2675 de
823 2647 910 2675 anu
939 2636 1079 2675 fuerat
1107 2646 1271 2685 sermo,
1312 2645 1372 2674 sc.
1400 2631 1678 2673 Simonides.
1725 2631 1818 2673 Suo
1856 2651 1888 2665 w
1978 2634 2000 2645 ”’

343 2699 473 2749 igitur
508 2700 679 2739 titulum
716 2698 950 2740 ἀδέσποτον
985 2701 1105 2740 auxit
1142 2712 1222 2740 sua
1249 2700 1387 2750 ipsius
1414 2699 1657 2739 coniectura
1684 2695 1728 2738 οἱ
1753 2694 1803 2738 δὲ
1928 2720 1930 2727 ν

344 2763 481 2813 νί;ὂου
488 2766 624 2815 quali
653 2766 775 2805 titulo
802 2777 899 2805 eum
928 2777 1108 2806 ornasse
1134 2765 1219 2805 iam
1249 2765 1435 2805 vidimus
1462 2775 1528 2815 ep.
1540 2745 1638 2804 3111.
1656 2762 1760 2814 431,
1781 2761 1844 2802 ci.
1862 2751 2012 2821 587·

344 2808 674 2880 Epigrammatis
714 2831 867 2870 deinde
906 2831 1098 2871 tractatis
1139 2829 1351 2871 346-349
1379 2829 1450 2879 137)
1492 2829 1537 2868 ἰιι
1579 2827 1740 2867 ultimis
1774 2836 1900 2877 qna·-

389 2983 451 3022 18ὅ)
498 2985 546 3016 De
568 2985 864 3027 epigrammatum
889 2985 1152 3027 computatione
1175 2988 1399 3027 pneteoeav
1382 2982 1450 3016 vid.
1472 2981 1491 3024 ἓ
1513 2981 1568 3015 94.
1962 3003 2012 3037 35

390 3038 451 3079 ¹³³7)
498 3040 555 3081 Ep
578 3039 645 3073 346
670 3042 775 3074 titulo
798 3045 895 3074 caret
916 3041 1039 3081 (etiam
1063 3051 1117 3083 ap.
1143 3040 1275 3081 Plan.);
1305 3041 1349 3073 de
1371 3040 1671 3082 epigrammatum
1693 3037 1842 3070 Simon’·
1938 3051 1941 3060 ·

343 3093 407 3126 34·
438 3106 514 3137 qq.
547 3097 661 3129 titulis
689 3097 734 3129 cs.
765 3096 782 3135 ,S
811 3096 866 3130 84.
903 3097 950 3130 De
980 3107 1058 3140 epp.
1087 3096 1156 3130 346
1185 3100 1223 3130 et
1252 3095 1319 3129 347
1350 3097 1562 3129 lemmatum
1592 3094 1800 3128 contusione
1830 3092 1899 3126 vid.
1918 3096 2017 3138 ap.
