2072 3568
0 304 6 312 v
0 113 13 286 wu-:oer-”wn
0 0 17 96 ww

22 5 35 51 mxu·

903 223 949 266 19
1513 226 1537 282 g
1572 229 1639 280 14,
1678 229 1738 271 15.

105 347 188 390 alii.
235 346 459 399 Ephoreus
499 359 599 388 vero
638 360 866 400 numerus,
909 363 1172 401 quamquam
1211 353 1253 392 in
1290 353 1495 394 Diodoreo
1524 356 1740 405 copiarum

105 416 332 464 conspectu
361 415 500 464 deest,
533 415 576 453 in
606 416 751 464 proelii
780 416 916 465 ipsius
945 417 1248 467 descriptione,
1282 419 1324 457 in
1351 431 1435 468 qua
1461 421 1741 470 Thespienses

105 492 190 519 non
220 480 461 529 neglexerat
493 479 630 529 (Diod.
665 481 736 518 XI.
771 480 837 531 9),
877 482 1007 520 latere
1036 482 1138 520 mihi
1167 483 1354 522 videtur:
1394 483 1418 523 ὁ
1448 482 1493 524 δὲ
1524 484 1742 538 Λεωνίδης

224 575 232 584 .
266 542 420 596 ὀλίγων
450 543 490 583 δ’
517 543 652 584 ὄντων
682 543 1053 597 Λακεδαιμονίων,
1089 545 1278 592 Θεσπιεῖς
1307 547 1386 600 γὰρ
1415 547 1576 600 μόνους
1603 564 1739 602 παρα-

104 610 296 663 κατέσχε,
325 608 395 650 καὶ
424 608 520 654 τοὺς
548 609 793 661 σύμπαντας
820 611 932 663 ἔχων
962 611 1012 651 οὗ
1041 611 1208 656 πλείους
1236 615 1319 652 τῶν
1346 615 1739 661 πεντακοσίων,

103 675 268 728 ἕτοιμος
309 673 361 727 ἦν
405 674 695 722 ἀποδέξασθαι
737 675 808 726 τὸνΙ
849 676 954 728 ὑπὲρ
997 681 1068 730 τῆς
1104 676 1302 721 Ἑλλάδος
1344 678 1542 719 [θάνατον.
1591 682 1741 731 Itaque

103 741 303 791 Ephorus
341 741 622 790 Thespienses
659 741 928 780 ducentos
969 765 1017 769 -
1057 744 1230 782 trecenti
1259 745 1371 783 enim
1400 748 1521 784 erant
1554 746 1740 795 Spartia-

102 808 170 845 tae
206 828 254 833 —
294 806 428 844 fuisse
465 806 715 844 aestimavit.
775 805 932 855 Quem,
977 819 1073 845 cum
1103 809 1143 846 et
1171 810 1285 846 totus
1315 810 1495 858 pendeat
1524 811 1578 849 ab
1607 812 1739 850 Hero-

102 871 223 910 dotea
261 883 432 921 pugnae
468 870 750 920 descriptione
783 873 823 910 et
852 871 894 909 in
925 872 1184 921 reliquarum
1215 874 1405 923 gentium
1435 876 1623 914 numeris
1653 877 1740 915 fere

101 947 198 975 cum
234 948 283 975 eo
321 936 514 975 concinat
542 934 619 985 25),
661 935 815 986 legisse
852 937 967 985 apud
1006 938 1271 976 Herodotum
1301 940 1645 979 constituendum
1675 944 1738 981 est

101 1001 426 1050 Thespiensium
456 1010 683 1039 numerum
712 1001 926 1051 integrum
957 1000 1174 1053 διηκόσιοι.
1209 1005 1394 1043 Numero
1427 1003 1527 1055 HH,
1562 1007 1736 1055 proclivi

101 1066 143 1104 in
182 1066 397 1105 codicibus
435 1066 622 1115 antiquis
661 1067 998 1116 praesertimque
1035 1068 1077 1106 in
1117 1081 1394 1108 numerorum
1434 1071 1541 1109 serie
1569 1083 1733 1121 errore,

101 1131 273 1181 signum
313 1130 358 1168 1²³
388 1131 472 1169 iam
501 1131 574 1169 diu
603 1133 702 1170 ante
731 1132 969 1171 Pausaniae
996 1134 1174 1171 aetatem
1204 1135 1433 1173 accessisse
1462 1136 1503 1173 in
1535 1137 1737 1175 Herodoti

99 1195 207 1235 libro
231 1196 483 1245 putaverim.
517 1195 612 1241 Quo
637 1197 791 1235 mendo
816 1197 983 1236 sublato
1009 1199 1249 1237 Delbriickii
1277 1200 1530 1256 difficultas,
1563 1202 1732 1251 opinor,

100 1261 238 1300 soluta
267 1261 353 1299 erit
370 1259 438 1311 26).

154 1324 180 1377 §
212 1325 274 1365 15.
336 1325 404 1365 De
454 1325 690 1366 Thebanis.
751 1328 968 1367 Herodoto
1019 1329 1111 1378 ipso
1162 1331 1268 1368 teste
1321 1329 1430 1379 (cap.
1483 1330 1578 1381 222)
1631 1343 1736 1382 gens

99 1391 371 1441 Thespiensis
413 1403 497 1430 non
540 1392 665 1431 unica
708 1392 809 1441 fuit,
857 1404 967 1442 quae
1010 1393 1052 1432 in
1096 1405 1263 1432 summo
1307 1407 1450 1434 rerum
1493 1396 1737 1436 discrimine

101 1455 338 1506 Spartiatas
368 1468 452 1495 non
484 1457 741 1506 reliquisset:
774 1461 1071 1498 remanserunt
1100 1471 1271 1509 quoque
1300 1461 1488 1500 Thebani
1516 1459 1736 1512 (Θεσπιέες

99 1519 145 1561 δὲ
172 1519 243 1561 καὶ
272 1518 452 1573 Θηβαῖοι
480 1521 726 1573 κατέμειναν
754 1525 949 1573 μοῦνοι
975 1522 1091 1574 παρὰ
1122 1523 1529 1576 Λακεδαιμονίοισι),
1563 1527 1605 1565 hi
1636 1540 1736 1566 vero

98 1585 240 1636 inviti,
280 1585 472 1630 ἀέκοντες
499 1585 569 1626 καὶ
598 1586 649 1626 οὐ
677 1586 950 1638 βουλόμενοι,
985 1591 1146 1640 κατεῖχε
1176 1588 1255 1640 γάρ
1284 1604 1416 1641 σφεας
1445 1589 1664 1643 Λεωνίδης
1692 1592 1735 1631 ἐν

98 1649 278 1703 ὁμήρων
319 1649 435 1703 λόγῳ
475 1651 738 1703 ποιεύμενος.
795 1653 910 1692 Haec
939 1656 979 1692 et
1008 1666 1118 1703 quae
1145 1654 1298 1693 deinde
1327 1658 1559 1695 narrantur
1589 1669 1623 1695 c.
1657 1658 1733 1696 225

97 1718 137 1755 et
165 1716 264 1767 233,
298 1717 523 1757 Thebanos
553 1718 690 1767 primo
719 1720 885 1757 coactos
914 1718 1124 1757 adversus
1155 1719 1308 1758 Persas
1337 1719 1581 1771 dimicasse,
1622 1724 1733 1771 post-

98 1793 227 1831 quam
275 1785 416 1822 autem
463 1783 731 1822 Immortales
778 1784 963 1823 Graecos
1006 1796 1029 1823 a
1072 1787 1191 1835 tergo
1233 1787 1426 1836 aggressi
1468 1790 1637 1838 essent,
1689 1800 1735 1827 se

96 1846 308 1886 dedidisse
336 1848 485 1898 Xerxi,
519 1849 641 1888 cuius
670 1849 792 1888 iussu
823 1850 1018 1899 plurimis
1047 1851 1216 1890 inustae
1243 1855 1386 1891 essent
1415 1855 1539 1892 notae
1568 1854 1728 1904 regiae,

96 1923 226 1961 quam
266 1913 492 1952 criminose
532 1914 643 1953 dicta
685 1917 850 1964 essent,
897 1917 936 1954 et
980 1918 1142 1954 veteres
1181 1918 1220 1955 et
1258 1917 1449 1956 hodierni
1488 1923 1727 1958 senserunt.

97 1977 296 2026 Ephorus
334 1990 423 2017 rem
460 1979 518 2018 ita
556 1982 859 2029 proposuerat,
904 1983 949 2019 ut
988 1981 1289 2031 quadringenti
1319 1983 1374 2020 illi
1405 1983 1594 2022 Thebani
1624 1985 1732 2023 inter

95 2053 167 2082 eos
212 2043 346 2083 fuisse
393 2044 665 2095 viderentur,
721 2046 795 2094 qui
843 2046 1072 2084 Persarum
1119 2047 1297 2086 circuitu
1345 2049 1512 2097 cognito
1558 2049 1730 2087 domum

96 2107 319 2148 rediissent
363 2108 501 2159 (Diod.
546 2110 617 2149 XI.
659 2109 724 2160 9);
770 2113 817 2149 ut
859 2113 997 2150 tamen
1039 2114 1079 2150 et
1117 2112 1266 2151 civitas
1305 2113 1505 2152 Thebana
1543 2114 1731 2166 μηδίζειν

95 2172 310 2213 videretur
346 2176 386 2213 et
423 2174 537 2214 cives
575 2175 765 2214 Thebani
795 2176 968 2215 Graecis
996 2188 1119 2226 opem
1148 2177 1296 2216 tulisse
1325 2178 1611 2229 traderentur,
1653 2180 1730 2218 hos

95 2238 263 2278 venisse
304 2239 428 2278 finxit
470 2238 554 2279 ἀπὸ
596 2243 666 2292 τῆς
709 2239 851 2292 ἑτέρας
887 2240 1060 2292 μερίδος
1100 2242 1237 2291 (Diod.
1275 2243 1344 2281 XI.
1379 2244 1446 2292 4),
1489 2256 1511 2282 a
1551 2244 1731 2283 factione

136 2420 184 2463 2⁵)
231 2423 290 2456 Ed.
322 2423 443 2466 Meyer
473 2424 512 2457 G.
538 2426 569 2458 d.
595 2426 632 2457 A.
669 2426 724 2457 111.
758 2425 841 2458 380:
875 2424 922 2458 ‘es
947 2427 991 2459 ist
1016 2427 1120 2467 viillig
1146 2428 1239 2468 klar,
1273 2428 1353 2459 dass
1379 2428 1530 2469 Ephorus
1556 2429 1612 2461 sii·-
1636 2429 1729 2462 diosc

0 2457 33 2511 ἦν
95 2477 242 2522 Κὲῐῐιρΐε
274 2480 409 2513 iiberall
443 2491 511 2513 nur
544 2482 696 2514 Herodot
720 2482 866 2515 benutzt
892 2483 973 2515 hat‘.
1014 2483 1060 2515 De
1086 2484 1242 2516 numeris
1266 2485 1309 2516 cs.
1338 2484 1456 2516 Busolt
1483 2483 1537 2517 112.
1561 2485 1626 2517 074
1652 2497 1683 2518 n.
1707 2486 1728 2518 ⁴2

94 2537 132 2568 et
151 2534 218 2568 675
241 2546 274 2569 n.
298 2536 330 2569 2.

135 2589 188 2633 ω)
229 2593 567 2636 Rustow—Kochly,
602 2594 726 2628 Gesch.
752 2596 812 2628 des
835 2606 886 2638 gr.
915 2596 1078 2637 Kriegsw.
1105 2607 1134 2637 p.
1159 2595 1202 2628 60
1228 2607 1259 2629 n.
1286 2596 1324 2637 5,
1350 2597 1410 2639 qni
1437 2597 1624 2636 Leonidam
1653 2599 1727 2630 idco

93 2650 232 2682 tantum
266 2651 475 2683 remansisse
507 2655 652 2694 putant,
690 2656 729 2684 ut
761 2653 886 2694 reliqui
919 2653 1093 2685 exercitus
1127 2657 1305 2695 receptum
1341 2657 1459 2686 tutum
1493 2654 1536 2686 ab
1569 2655 1727 2687 hostibus

94 2705 270 2748 redderet,
305 2706 536 2748 Thespienses
571 2718 710 2750 prorsus
745 2709 814 2741 alia
847 2709 890 2741 de
925 2719 1030 2742 causa
1065 2709 1247 2741 eliminare
1285 2712 1492 2743 volucrunt:
1528 2710 1614 2743 ‘sind
1653 2712 1729 2743 liic·-

93 2760 192 2794 nicht
220 2762 405 2805 Thespier,
435 2764 585 2797 sondern
619 2764 783 2797 Malier
815 2764 872 2805 [cf.
900 2765 995 2797 Diod.
1022 2766 1077 2798 xl.
1103 2765 1133 2797 4.
1159 2765 1193 2806 7]
1229 2777 1267 2798 zu
1304 2767 1505 2808 verstehcn,
1538 2778 1574 2799 so
1599 2769 1643 2799 ist
1667 2769 1727 2799 ‹lut-'-

95 2816 361 2861 freiwillige
387 2819 528 2853 Bleiben
554 2820 662 2853 leicht
685 2821 829 2853 erkliirt.
866 2821 963 2854 Nach
990 2821 1068 2853 dem
1098 2822 1247 2854 Isthmos·
1273 2823 1503 2855 ruitzuzioiwn
1533 2824 1652 2855 initu-n
1678 2825 1726 2855 siv

29 2898 41 2913 f,
91 2873 295 2907 schweriich
323 2875 417 2907 Lust.
449 2875 628 2908 Zwischen
651 2877 762 2909 ihnen
791 2877 859 2909 und
886 2878 948 2909 der
975 2877 1114 2910 neimat
1137 2878 1220 2910 aber
1244 2879 1344 2909 stanni
1371 2879 1432 2910 der
1459 2879 1584 2910 Fciwl’.
1613 2879 1725 2912 weiz-

93 2927 193 2962 horer
216 2941 245 2972 p.
269 2930 354 2973 668,
377 2932 438 2974 qui
466 2932 590 2965 horum
617 2933 770 2965 virorum
796 2934 978 2966 doctorum
1004 2934 1046 2965 dc
1073 2944 1189 2975 pugna
1209 2934 1498 2975 'simmam-iunci
1524 2935 1722 2975 opinionum

9 2976 46 2991 M
93 2986 241 3028 accepit,
274 2986 506 3029 Thespienses
542 2989 751 3021 remansisse
784 2999 852 3021 non
887 2990 1045 3030 negavit,
1080 2990 1157 3021 sed:
1195 2988 1267 3022 ‘slas
1301 2996 1399 3022 trono
1433 2991 1631 3022 Ausitai-ron
1665 2991 1725 3022 οΙιϊ

91 3038 260 3084 Thespier
288 3044 334 3076 ist
365 3054 453 3085 ganz
485 3045 742 3086 unerkliirlich,
777 3056 877 3078 wcnn
912 3056 991 3078 mnu
1025 3047 1218 3079 munimini.
1257 3047 1335 3078 «lass
1368 3048 1415 3078 siv
1449 3048 1519 3078 <ich
1554 3047 1725 3078 obauratis·

93 3095 171 3130 dem
195 3097 287 3131 Tude
311 3101 444 3133 weihen
473 3102 635 3134 wouten'.
672 3102 717 3134 De
742 3102 917 3135 Thebanis
941 3103 982 3134 cs.
1008 3102 1024 3140 ,S
1049 3102 1092 3134 15
1118 3114 1148 3134 ιι.
1174 3103 1227 3135 30.

1547 3158 1589 3192 2³4
