2072 3568
946 237 1024 277 219
1517 236 1541 289 g
1574 238 1671 288 128,
1707 238 1795 278 129.

76 366 86 400 2
164 362 405 402 Mnasalcae
445 361 709 412 Simonideo‚
751 363 866 412 quod
903 363 944 401 in
984 363 1066 401 ΑΡ.
1107 362 1220 413 (VII.
1258 363 1336 401 442
1372 362 1458 412 sq.)
1490 365 1796 413 consequatur,

65 433 83 478 j?
165 440 222 468 sc.
250 440 315 478 ep.
343 429 679 478 Eurymedontio
709 429 785 468 106
813 429 857 467 in
883 429 1095 468 Coronam
1121 430 1336 478 receptum
1361 440 1455 468 esse
1480 428 1696 478 probabile
1719 430 1795 466 est.

75 491 82 494 ”
165 493 307 534 Huius
336 505 437 532 vero
464 494 783 544 epigrammatis
815 492 930 545 (106)
960 494 1113 533 lemma
1143 494 1365 543 antiquum
1396 494 1487 532 leve
1515 494 1626 532 alere
1651 493 1798 531 vitium

78 567 79 570 ’
162 558 248 598 iam
290 559 555 608 praecedenti
599 558 624 609 ξ
670 559 836 598 monui:
881 559 938 603 εἷς
979 557 1076 603 τοὺς
1116 557 1320 603 πεσόντας
1361 558 1463 609 παρ’
1496 556 1799 608 Εὐρυμέδοντα

163 621 356 670 ποταμὸν
385 653 394 662 .
429 642 451 662 .·
473 653 482 662 .
517 653 526 663 .
552 621 756 678 εΈλληνας
784 647 835 651 -
863 625 993 663 immo
1016 622 1280 676 Ἀθηναίους.
1311 624 1516 663 Videntur
1544 623 1674 673 igitur
1701 623 1800 661 lem-

164 690 325 728 matum
361 700 455 738 epp.
482 689 577 728 VII.
598 689 689 728 '⁶442
720 701 794 747 sq..
813 701 938 744 voces
967 690 1119 728 finales
1148 690 1327 728 alicuius
1356 689 1518 728 librarii
1546 700 1689 727 errore
1717 688 1799 726 iam

163 754 207 793 in
246 754 413 803 Corona
451 754 546 792 Mel.
579 754 806 794 commisso
836 755 978 794 sedem
1008 755 1243 793 mutavisse
1271 756 1399 803 atque
1427 754 1470 792 in
1499 754 1619 803 prius
1647 753 1800 791 lemma

158 816 412 870 Ἀθηναίους
458 830 536 868 pro
574 816 804 870 Ἕλληνας,
853 819 896 857 in
944 819 1156 868 posterius
1191 816 1395 870 εΈλληνας
1436 831 1513 868 pro
1550 816 1802 869 Ἀθηναίους

162 883 391 934 ingruisse.
425 884 633 934 Tegeatici
654 884 973 934 epigrammatis
994 885 1169 934 lemma,
1199 885 1313 933 quod
1336 896 1451 923 nunc
1472 887 1797 932 recuperamus,

167 947 241 1000 (εἰς
281 946 378 992 τοὺς
418 947 462 988 ἓν
507 946 636 1000 Τεγέᾳ
676 947 879 993 πεσόντας
917 947 1086 1001 ἀριστῆς
1116 947 1389 1000 ’Έλληνας)
1431 951 1592 988 rectum
1630 948 1801 997 quidem

164 1026 250 1054 non
270 1015 355 1064 est,
389 1014 463 1053 sed
483 1014 604 1053 facile
623 1014 747 1053 nobis
767 1015 1077 1064 persuademus
1097 1014 1140 1052 id
1160 1015 1400 1064 appositum
1422 1026 1516 1052 esse
1535 1014 1588 1052 ab
1609 1013 1797 1062 homine,

164 1081 238 1130 qui
275 1091 446 1118 versum
486 1079 682 1118 ultimum
722 1081 963 1119 contortum
992 1080 1077 1118 iam
1106 1091 1192 1118 non
1221 1080 1492 1130 intellegeret.
1540 1080 1632 1118 Hoc
1660 1080 1801 1117 autem

162 1145 316 1184 lemma
351 1146 610 1194 usurpatum
647 1156 741 1184 esse
779 1145 947 1183 videtur
987 1143 1089 1195 (iam
1128 1146 1226 1183 ante
1255 1138 1502 1194 Cephalam)
1533 1145 1587 1183 ab
1615 1156 1686 1193 eo,
1728 1143 1801 1192 qui

164 1210 365 1250 carminis
407 1210 616 1260 Tegeatici
662 1210 736 1249 102
779 1212 924 1260 postea
967 1210 1162 1248 lemmate
1202 1210 1392 1259 ornavit,
1439 1211 1557 1248 textu
1594 1209 1801 1258 epigram-

164 1275 290 1315 matis
326 1275 462 1325 ipsius
491 1275 734 1324 ceteroquin
765 1287 851 1314 non
881 1276 1091 1325 respecto:
1122 1274 1178 1319 εἰς
1206 1273 1302 1318 τοὺς
1323 1273 1578 1326 Ἕλληνας
1607 1271 1701 1317 τοὺς
1730 1271 1802 1325 τὴν

167 1337 364 1392 Τεγέαν
401 1338 455 1379 ε’λ.
493 1354 535 1378 π.
578 1340 672 1379 Νοῐι
712 1340 952 1379 necessaria
990 1339 1122 1390 igitur
1150 1341 1213 1378 est
1243 1340 1415 1390 Bergkii
1444 1339 1717 1388 transpositio
1747 1337 1802 1382 εἰς

164 1402 260 1449 τοὺς
297 1402 559 1457 Τεγεάτας
592 1402 688 1449 τοὺς
722 1403 795 1456 τὴν
825 1402 974 1444 ‘Eud
987 1403 1047 1444 δα
1077 1402 1131 1444 ἕλ.
1160 1419 1202 1443 π.
1245 1405 1338 1444 Hac
1366 1405 1612 1444 lemmatum
1642 1405 1803 1443 ratione

164 1470 409 1510 eonfirmari
437 1470 607 1520 opinor,
647 1470 761 1519 quod
790 1470 872 1509 iam
903 1470 1050 1520 posui,
1090 1470 1350 1509 Mnasalcam
1378 1470 1696 1520 epigrammatis
1727 1469 1802 1508 103

164 1546 259 1575 esse
286 1538 515 1575 auctorem.

218 1601 271 1640 In
317 1601 398 1640 hoc
442 1613 507 1651 ep.
554 1601 808 1640 imitationes
855 1601 1235 1650 deprehenduntur
1252 1631 1262 1650 ,
1317 1602 1484 1650 praeter
1530 1601 1801 1650 praecipuam

165 1666 374 1718 Tegeatici
399 1678 464 1716 ep.
487 1666 584 1716 102,
613 1666 969 1716 epigrammatum
997 1665 1337 1705 Simonideorum
1364 1665 1452 1715 137,
1484 1666 1579 1714 112,
1611 1666 1705 1715 105,
1734 1665 1798 1705 98.

165 1731 275 1782 Epp.
319 1732 394 1771 137
431 1734 472 1771 et
509 1731 561 1771 98
599 1731 869 1771 Corinthiaca
907 1731 950 1769 in
988 1731 1091 1781 Syll.
1128 1730 1230 1770 Sim.
1264 1731 1442 1770 affuisse
1469 1732 1552 1770 iam
1582 1731 1803 1770 constabat

164 1809 217 1837 ex
253 1797 363 1837 trad.
397 1797 426 1837 S
458 1797 505 1848 (ξ
535 1796 627 1847 99),
669 1809 734 1846 ep.
766 1796 841 1836 105
870 1808 922 1835 ex
950 1797 1100 1835 ordine
1132 1796 1374 1835 Simonideo
1403 1797 1595 1835 Palatino
1627 1795 1673 1847 (ξ
1707 1795 1800 1845 101)

164 1863 206 1902 et
233 1862 466 1902 imitatione
494 1862 734 1901 Mnasalcea
766 1860 812 1912 (ξ
846 1860 955 1911 127),
990 1873 1105 1900 nunc
1134 1863 1350 1911 praeterea
1379 1862 1584 1901 discimus
1612 1873 1705 1911 epp.
1728 1861 1802 1899 102

164 1929 205 1966 et
243 1927 318 1966 112
356 1927 399 1966 in
435 1927 516 1966 ΑΡ.
549 1926 661 1978 (VII.
690 1927 767 1966 512
796 1929 836 1967 et
866 1927 986 1966 XIII.
1014 1927 1084 1978 26)
1115 1927 1362 1976 pervenisse
1390 1939 1441 1965 ex
1473 1927 1655 1977 Sylloge.
1705 1926 1802 1964 Imi-

165 1993 323 2032 tatione
349 1993 669 2043 epigrammatis
700 1993 776 2033 137
805 1993 1087 2032 confirmatur
1116 1991 1405 2032 Mnasalcam
1429 2002 1566 2031 usum
1590 2002 1681 2030 esse
1705 1989 1802 2041 Syl-

167 2057 268 2110 loye
295 2056 589 2109 Simonidea,
626 2059 747 2098 lectio
774 2059 886 2098 enim
916 2057 1155 2110 εὐθύμαχοι
1184 2059 1423 2097 traditionis
1455 2057 1484 2096 S
1514 2057 1686 2107 propria
1715 2058 1799 2106 est,

166 2136 295 2174 quam
332 2136 411 2174 pro
448 2125 634 2175 genuina
672 2125 849 2164 lectione
885 2125 919 2164 A
957 2123 1213 2176 ἀγχέμαχοι,
1254 2124 1297 2162 in
1337 2135 1421 2172 qua
1456 2122 1665 2172 oppositio
1694 2122 1803 2160 inter

165 2189 356 2229 hastatos
393 2190 588 2229 cominus
623 2192 752 2239 atque
781 2190 1025 2240 sagittarios
1053 2189 1221 2227 eminus
1251 2189 1493 2238 pugnantes
1522 2187 1687 2236 integra
1718 2198 1802 2224 ser-

166 2256 263 2294 vata
297 2256 362 2294 est
398 2254 690 2306 (Wilamowitz
721 2254 881 2294 Comm.
910 2266 950 2304 p.
980 2253 1044 2303 6),
1088 2254 1369 2292 substituerat
1399 2253 1616 2292 Collector.
1667 2251 1802 2290 Simul

165 2322 342 2370 apparet
392 2320 521 2359 huius
572 2331 637 2369 ep.
685 2319 955 2358 traditionem
1007 2319 1036 2357 S
1086 2319 1288 2357 habuisse
1336 2319 1517 2356 formam
1566 2317 1801 2367 pedestrem

165 2383 431 2437 εὖθύμαχοι
451 2385 566 2435 apud
586 2385 849 2424 Athenaeum
869 2397 921 2423 ex
942 2385 1266 2424 Chamaeleonte
1285 2384 1520 2432 servatam,
1550 2382 1802 2421 reiciendam

165 2461 260 2490 esse
295 2451 500 2500 poeticam
538 2448 769 2502 ἷθύμαχοι,
817 2462 946 2499 quam
984 2451 1156 2488 auctore
1194 2448 1423 2487 Plutarcho
1461 2459 1545 2485 non
1585 2447 1720 2485 solum
1760 2447 1802 2484 in

167 2515 436 2555 Corinthiaco
465 2515 539 2554 sed
568 2515 694 2553 etiam
723 2515 766 2553 in
796 2514 1017 2564 Tegeatico
1046 2524 1247 2552 revocare
1278 2513 1407 2551 voluit
1438 2512 1711 2550 Wilamowitz
1740 2512 1799 2549 l.l.

167 2580 230 2620 Cf.
262 2579 288 2632 5
318 2580 369 2620 33
398 2592 440 2619 n.
468 2581 533 2619 45.
568 2580 758 2629 Denique
786 2579 1045 2618 monendum
1078 2579 1244 2618 videtur
1274 2578 1533 2617 Mnasalcam
1563 2577 1691 2615 huius
1720 2577 1803 2626 epi-

166 2645 416 2695 grammatis
437 2656 610 2684 versum
632 2644 827 2684 ultimum
847 2644 1030 2683 fortasse
1049 2644 1168 2682 aliter
1189 2644 1454 2682 structurum
1475 2643 1626 2691 fuisse,
1653 2642 1688 2680 si
1709 2654 1803 2691 cog-

167 2710 299 2749 nitam
319 2710 540 2749 habuisset
558 2721 622 2759 ep.
643 2709 694 2749 98
714 2709 823 2748 trad.
844 2709 899 2758 A,
928 2709 971 2747 in
992 2721 1077 2758 qua
1093 2706 1239 2752 Ἑλλὰς
1259 2708 1511 2747 attributum
1533 2707 1658 2746 habet
1677 2708 1802 2745 πᾶσα.

223 2774 248 2826 ξ
282 2774 370 2814 129.
433 2773 499 2814 De
532 2786 598 2826 ep.
635 2774 698 2814 95
733 2773 784 2814 in
820 2772 1088 2814 Leonidam.
1150 2774 1277 2812 Extat
1313 2773 1394 2811 ΑΡ.
1423 2772 1516 2811 VII.
1550 2771 1624 2810 301
1662 2783 1726 2820 ep.
1761 2771 1802 2809 in

169 2839 396 2879 Leonidam
425 2841 466 2879 et
494 2840 703 2879 trecentos
736 2839 974 2889 Spartiatas
1006 2838 1110 2877 Sim.
1138 2838 1209 2877 95:

378 2902 551 2948 εὐκλέας
578 2902 648 2943 αἶα
677 2903 878 2949 κέκευθε,
910 2901 1126 2948 Λεωνίδα,
1156 2902 1200 2941 οἳ
1222 2900 1325 2952 μετὰ
1355 2903 1439 2940 σεῖο

433 2967 523 3022 τῇδ’
548 2968 723 3015 ἔθανον,
753 2967 954 3021 Σπάρτης
982 2966 1220 3020 εὐρυχόρου
1248 2965 1438 3017 βασιλεῦ,

380 3033 582 3074 πλείστων
612 3032 663 3086 δὴ
693 3033 830 3081 τόξων
859 3048 899 3073 τε
927 3033 997 3073 καὶ
1027 3031 1272 3073 ὠκυπόδων
1301 3031 1453 3076 σθένος
1481 3031 1622 3070 ἵππων

436 3094 644 3151 Μηόείων
672 3097 843 3150 ἀνὸρῶν
873 3096 1092 3149 δεξάμενοι
1120 3096 1307 3148 πολέμῳ.
