2072 3568
6 114 11 117 ³
0 0 18 106 *aab*

29 111 46 132 μὴ»
23 64 46 102 ἰξυῖ
20 0 39 47 ’4νῖῐρ

0 314 24 337 r

0 340 13 381 {i

0 562 9 619 ε

0 638 9 666 f

0 468 7 483 ἰ

0 487 5 494 ι

0 579 7 588 ι

13 1448 17 1449 ¹
0 1153 9 1403 nunant-ww*
0 1095 5 1143 -ι-.-
0 1038 6 1081 ’,η
0 981 6 1020 ιη.
0 942 4 967 ..v
0 870 6 894 ⁴»
0 799 7 809 »-
0 744 6 757 ⁴
0 674 4 681 ,

909 217 960 257 23
1521 217 1546 269 ξ
1580 220 1649 279 15,
1686 219 1747 258 16.

115 339 156 380 Β
191 341 287 390 531)
312 340 380 391 31).
428 342 622 380 Redeunt
651 341 718 380 hic
749 340 954 392 quinque
982 342 1114 391 cippi,
1156 345 1259 391 quot
1289 342 1342 381 ab
1372 342 1751 393 Amphictyonibus

115 407 274 456 positos
316 418 410 445 esse
450 406 744 445 demonstrare
787 407 925 445 conati
969 419 1132 445 sumus.
1186 408 1300 446 Haec
1329 409 1468 445 autem
1499 410 1612 446 extat
1641 408 1751 446 diffi-

115 472 272 521 cultas,
318 471 433 521 quod
468 472 752 521 epigramma,
798 472 920 510 cuius
958 472 1179 510 exordium
1208 472 1260 521 32)
1301 473 1549 511 laudaverat
1588 473 1750 522 Apollo-

114 538 273 586 doruS,
324 534 620 576 Locrensium
666 539 755 586 est,
807 549 916 586 quos
958 537 1159 586 peculiari
1204 540 1478 576 monumento
1521 538 1750 577 honoratos

113 615 207 642 esse
235 614 321 641 non
350 602 561 652 apparuit.
608 602 727 647 Quae
755 602 986 641 difficultas
1016 602 1136 641 facile
1165 603 1366 651 solvitur,
1410 603 1445 640 si
1476 605 1746 652 reputamus,

112 668 325 718 quomodo
367 667 607 717 Apollodori
649 667 867 725 annotatio
909 669 1001 706 orta
1044 679 1138 706 esse
1181 667 1386 706 videatur.
1438 668 1750 707 Grammaticus

112 733 224 772 enim
253 733 362 772 duas
392 744 460 771 res
489 732 682 770 diversas
712 732 950 782 percepisse
980 732 1160 781 videtur,
1193 744 1302 781 quas
1322 732 1476 771 iniuria
1492 733 1748 772 conciliavit:

113 798 230 837 novit
258 798 542 848 epigramma,
576 797 690 847 quod
720 798 762 836 in
794 798 1091 846 Locrensium,
1126 798 1198 846 qui
1228 798 1269 835 in
1300 798 1594 847 Thermopylis
1624 798 1749 837 inter-

112 863 207 903 fecti
236 866 400 913 essent,
433 863 637 902 honorem
667 863 883 902 conditum
912 874 1007 901 esse
1035 862 1358 912 perhibebatur,
1393 863 1510 901 novit
1538 875 1589 901 ex
1619 864 1748 913 scrip-

113 933 202 968 tore
239 929 484 979 geographo
522 928 587 966 vel
622 940 672 966 ex
703 928 914 978 periegeta
943 951 992 954 —
1023 939 1149 976 quem
1179 928 1419 966 accuratius
1448 928 1635 967 indicare
1664 941 1748 968 non

112 1005 344 1043 possumus
387 1016 430 1020 -—
468 995 511 1032 in
541 993 837 1042 Thermopylis
866 993 1057 1042 quinque
1084 993 1230 1042 cippos
1259 995 1414 1031 extare.
1462 993 1594 1042 Quid,
1635 994 1748 1043 quod

111 1064 197 1098 ‘non
239 1060 448 1099 dubitavit
491 1060 599 1098 duas
642 1059 735 1098 illas
779 1071 848 1097 res
885 1059 942 1096 ita
981 1058 1260 1108 coniungere,
1308 1060 1354 1096 ut
1392 1058 1434 1096 in
1474 1059 1748 1097 Locrensium

112 1124 357 1164 memoriam
396 1136 543 1163 unum
581 1135 629 1163 ex
668 1122 874 1174 quinque
908 1122 1005 1162 illis
1033 1121 1182 1174 cippis
1210 1123 1394 1172 positum
1424 1135 1518 1161 esse
1547 1123 1747 1172 putaret?

114 1189 290 1239 Strabo,
333 1201 429 1229 cum
468 1190 520 1228 de
555 1189 850 1239 Thermopylis
887 1189 991 1238 ipsis
1031 1189 1102 1226 IX.
1146 1189 1182 1227 4.
1224 1189 1271 1227 16
1310 1200 1349 1237 p.
1383 1188 1459 1227 429
1498 1189 1744 1238 dissereret,

112 1267 249 1305 neque
286 1260 513 1294 numerum
552 1256 773 1304 cipporum
810 1266 947 1304 neque
976 1256 1142 1303 praeter
1175 1254 1411 1303 Spartiatas
1441 1253 1747 1292 celebratarum

111 1321 300 1370 gentium
339 1321 511 1359 nomina
549 1320 740 1359 adduxit.
788 1320 852 1358 Ibi
882 1320 994 1358 enim
1025 1331 1110 1358 non
1140 1319 1391 1368 Apollodoro
1421 1319 1494 1357 sed
1524 1319 1605 1357 alio
1634 1319 1749 1358 fonte

110 1398 218 1425 usus
246 1388 310 1425 est
341 1385 411 1436 (cf.
447 1385 473 1437 ξ
504 1385 589 1435 46).

162 1451 286 1496 Quod
338 1451 582 1490 Herodotus
635 1453 743 1500 tres,
802 1451 956 1490 Strabo
1006 1448 1321 1500 (Apollodorus)
1371 1452 1511 1489 autem
1559 1451 1748 1500 quinque

110 1516 330 1556 columnas
367 1517 736 1565 commemoravit,
778 1516 820 1554 id
858 1528 909 1554 ex
942 1528 991 1554 eo
1020 1516 1150 1565 igitur
1178 1515 1475 1564 explicandum
1505 1517 1590 1564 est,
1633 1516 1747 1565 quod

110 1581 222 1620 illius
259 1583 454 1621 auctores
494 1581 570 1631 (sc.
614 1582 784 1620 traditio
826 1580 1056 1631 Spartana)
1096 1581 1329 1630 epitaphia,
1372 1592 1481 1629 quae
1516 1581 1631 1630 ipsos
1662 1593 1746 1619 non

111 1647 380 1698 spectabant,
422 1649 680 1696 omiserunt,
715 1647 867 1686 horum
898 1649 1038 1685 autem
1069 1648 1215 1685 auctor
1244 1658 1413 1694 omnes,
1447 1657 1555 1694 quos
1587 1646 1747 1684 viderat

109 1711 276 1762 cippos,
323 1712 508 1751 tradidit.
558 1712 719 1762 Bergk,
766 1711 839 1760 qui
882 1711 925 1749 in
969 1711 1184 1760 prioribus
1226 1711 1482 1749 editionibus
1523 1710 1746 1749 Strabonis

111 1777 400 1827 Herodotique
427 1777 668 1816 testimonia
697 1777 806 1815 inter
835 1788 881 1815 se
909 1776 1132 1815 conciliare
1161 1776 1382 1814 studuerat
1412 1776 1490 1824 ita,
1525 1778 1571 1814 ut
1600 1775 1746 1814 ‘Hero—

109 1842 255 1881 dotum
303 1843 436 1882 videri
483 1843 709 1893 praecipua
757 1844 923 1880 tantum
971 1841 1250 1890 delibavisse,
1302 1841 1472 1879 omissis
1514 1853 1624 1890 quae
1665 1842 1744 1890 ipsi

111 1907 252 1946 minus
271 1908 419 1958 gravia
442 1907 702 1947 viderentur'
726 1909 916 1957 putaret,
949 1907 991 1945 in
1013 1908 1166 1956 quarta
1187 1907 1300 1945 illam
1323 1906 1494 1944 minime
1513 1906 1745 1944 absurdam

108 1972 348 2021 opinionem
388 1973 527 2012 reiecit
564 1973 824 2022 protulitque
864 1971 922 2022 (p.
956 1971 1077 2022 429),
1119 1983 1229 2021 quae
1264 1972 1397 2010 multo
1426 1971 1562 2020 magis
1592 1983 1615 2009 a
1647 1983 1745 2009 vero

109 2037 258 2076 abesse
286 2037 503 2076 videntur:
539 2037 575 2076 ‘a
606 2037 812 2087 principio
841 2038 1008 2086 praeter
1038 2036 1255 2086 Megistiae
1284 2038 1606 2074 monumentum
1636 2036 1746 2074 duae

109 2103 274 2141 tantum
312 2102 421 2152 pilae
458 2103 864 2153 Peloponnesiorum
902 2104 942 2140 et
974 2101 1285 2154 Spartanorum
1316 2101 1543 2139 memoriae
1571 2101 1744 2139 fuerunt

109 2169 390 2207 consecratae.
436 2169 765 2218 Amphictyones
813 2168 942 2217 igitur
988 2167 1298 2216 Spartanorum
1346 2166 1653 2215 importunitati
1697 2178 1745 2204 ac

109 2232 334 2282 superbiae
369 2233 557 2273 obsecuti
597 2233 906 2282 ThespienseS,
949 2243 1133 2281 quorum
1174 2231 1310 2270 virtus
1351 2231 1574 2280 Spartanis
1603 2230 1743 2279 aequi-

109 2297 299 2346 paranda
341 2298 443 2347 fuit,
489 2310 568 2337 suo
610 2299 770 2337 honore
810 2297 1140 2336 fraudaverunt:
1185 2296 1236 2334 de
1280 2296 1358 2335 hac
1399 2295 1552 2334 iniuria
1596 2295 1744 2333 merito

108 2362 327 2412 conquesti
367 2363 649 2413 Thespienses
692 2364 836 2412 postea
880 2362 1236 2411 impetraverunt,
1280 2363 1326 2398 ut
1356 2359 1434 2398 sibi
1464 2359 1604 2398 liceret
1633 2359 1743 2398 colu-

151 2521 199 2562 31)
245 2521 295 2555 Cf.
319 2522 442 2563 Niesc,
467 2523 670 2565 Apollodors
695 2523 922 2555 Commentar
943 2532 1022 2553 zum
1045 2522 1334 2562 Srhiss'skataloge
1355 2522 1407 2553 als
1428 2522 1551 2559 Quelle
1572 2519 1743 2559 Strubo's,

108 2577 174 2610 Rh.
198 2577 285 2611 Mus.
309 2576 363 2611 3⁸2.
387 2578 474 2611 1877
500 2589 532 2620 p.
555 2579 620 2611 ⁸267
645 2590 740 2621 sqq.;
766 2579 943 2611 Schwartz
970 2578 1049 2611 PW.
1068 2595 1103 2598 —
1121 2578 1186 2609 RE.
1214 2578 1235 2609 l.
1260 2576 1359 2618 2867,
1382 2577 1435 2609 (51).

151 2632 199 2674 32)
245 2634 485 2677 Epigramma,
518 2636 610 2677 quod
643 2636 735 2667 iuter
766 2634 967 2667 Simoniden
992 2634 1064 2674 (923)
1098 2634 1217 2666 referri
1250 2634 1356 2674 solet,
1390 2634 1479 2664 viros
1501 2629 1619 2664 {locros
1646 2634 1742 2665 valde

106 2691 263 2724 exercuit
287 2694 425 2733 propter
449 2691 688 2732 praedicatum
712 2691 806 2733 quod
832 2691 940 2723 deest.
967 2691 1036 2722 lau}
1066 2691 1097 2722 iu
1123 2690 1259 2722 codices
1282 2689 1532 2721 Straboniauos
1556 2690 1740 2721 sciolorum

108 2745 324 2788 irrepserunt
350 2748 590 2788 coniecturae,
622 2748 684 2789 qui
710 2747 853 2779 verbum
879 2744 1024 2778 κεύθειν
1049 2747 1157 2778 latere
1185 2746 1356 2787 putabant
1381 2746 1414 2777 iu
1441 2746 1610 2787 adjectivo
1634 2743 1741 2776 εὐθυ-

108 2798 238 2843 νόμων.
275 2802 439 2836 Hodierni
465 2804 610 2846 pedibus
634 2808 721 2836 eunt
746 2805 779 2836 in
808 2804 971 2835 Meinekii
996 2803 1210 2835 scuti-utiam
1236 2803 1270 2834 in
1298 2803 1467 2843 particula
1490 2801 1572 2834 ποτέ
1598 2803 1741 2833 verbum

30 2852 43 2887 s
107 2856 215 2891 ποθεῖ
250 2861 461 2901 quaerentis.
510 2862 607 2899 Quae
642 2862 844 2894 coniectura
880 2862 946 2892 iam
985 2860 1060 2892 ideo
1096 2863 1150 2891 est
1187 2859 1382 2898 reicienda,
1422 2859 1512 2900 quoe!
1549 2855 1633 2889 ποτέ
1669 2863 1740 2899 post

6 2946 45 2961 Ἠ
109 2923 297 2956 pronomen
331 2917 648 2950 demonstrativum
683 2918 980 2960 epigrammatum
1018 2920 1071 2949 est
1108 2916 1297 2957 proprium.
1342 2915 1467 2946 Verum
1506 2915 1572 2946 iam
1611 2914 1740 2945 vidi-,rut

110 2969 244 3014 Bergk,
282 2982 500 3015 quamquam
544 2974 707 3006 Meinekii
747 2974 984 3006 coniecturum
1025 2973 1172 3014 reecpit:
1211 2972 1336 3004 Strabo
1371 2970 1629 3012 (Apollodorus)
1663 2980 1739 3001 vau·

111 3029 248 3061 tantum
285 3033 419 3070 partem
455 3030 720 3072 epigrammatis
752 3030 926 3070 laudavit,
962 3040 1031 3071 qun
1064 3030 1093 3061 ei
1127 3039 1214 3069 opus
1247 3033 1341 3068 crat,
1377 3028 1419 3059 «le
1451 3029 1561 3059 altero
1593 3026 1740 3057 disticho

29 3079 41 3118 ’ἱ
109 3092 262 3116 securus.
