<?xml version="1.0" encoding="UTF-8"?>
<!DOCTYPE html PUBLIC "-//W3C//DTD XHTML 1.0 Transitional//EN"
    "http://www.w3.org/TR/xhtml1/DTD/xhtml1-transitional.dtd">
<html xmlns="http://www.w3.org/1999/xhtml" xml:lang="en" lang="en">
 <head>
  <title>
</title>
<meta http-equiv="Content-Type" content="text/html;charset=utf-8" />
  <meta name='ocr-system' content='tesseract 3.04.00' />
  <meta name='ocr-capabilities' content='ocr_page ocr_carea ocr_par ocr_line ocrx_word'/>
</head>
<body>
  <div class='ocr_page' id='page_1' title='image "./deepigrammatasim00boasuoft_0173.png"; bbox 0 0 2072 3568; ppageno 0'>
   <div class='ocr_carea' id='block_1_1' title="bbox 0 258 154 3568">
    <p class='ocr_par' dir='ltr' id='par_1_1' title="bbox 0 258 154 3568">
     <span class='ocr_line' id='line_1_1' title="bbox 0 258 124 497; baseline 0 -130"><span class='ocrx_word' id='word_1_1' title='bbox 0 258 124 497; x_wconf 95' lang='lat' dir='ltr'><strong>     </strong></span> 
     </span>
     <span class='ocr_line' id='line_1_2' title="bbox 0 497 123 625; baseline 0 -20"><span class='ocrx_word' id='word_1_2' title='bbox 0 497 123 625; x_wconf 95' lang='lat' dir='ltr'><strong>   </strong></span> 
     </span>
     <span class='ocr_line' id='line_1_3' title="bbox 0 625 122 826; baseline 0 -22"><span class='ocrx_word' id='word_1_3' title='bbox 0 625 122 826; x_wconf 95' lang='lat' dir='ltr'><strong>    </strong></span> 
     </span>
     <span class='ocr_line' id='line_1_4' title="bbox 0 826 121 955; baseline 0 -91"><span class='ocrx_word' id='word_1_4' title='bbox 0 826 121 955; x_wconf 95' lang='lat' dir='ltr'><strong>   </strong></span> 
     </span>
     <span class='ocr_line' id='line_1_5' title="bbox 0 955 119 1123; baseline 0 -101"><span class='ocrx_word' id='word_1_5' title='bbox 0 955 119 1123; x_wconf 95' lang='lat' dir='ltr'><strong>     </strong></span> 
     </span>
     <span class='ocr_line' id='line_1_6' title="bbox 0 1123 119 1255; baseline 0 0"><span class='ocrx_word' id='word_1_6' title='bbox 0 1123 119 1255; x_wconf 95' lang='lat' dir='ltr'><strong>   </strong></span> 
     </span>
     <span class='ocr_line' id='line_1_7' title="bbox 0 1281 154 1517; baseline 0 -131"><span class='ocrx_word' id='word_1_7' title='bbox 0 1281 154 1517; x_wconf 95' lang='lat' dir='ltr'><strong>    </strong></span> 
     </span>
     <span class='ocr_line' id='line_1_8' title="bbox 0 1517 117 1711; baseline 0 -65"><span class='ocrx_word' id='word_1_8' title='bbox 0 1517 117 1711; x_wconf 95' lang='lat' dir='ltr'><strong>     </strong></span> 
     </span>
     <span class='ocr_line' id='line_1_9' title="bbox 0 1711 114 1802; baseline 0 0"><span class='ocrx_word' id='word_1_9' title='bbox 0 1711 114 1802; x_wconf 95' lang='lat' dir='ltr'><strong>   </strong></span> 
     </span>
     <span class='ocr_line' id='line_1_10' title="bbox 0 1802 112 1865; baseline 0 0"><span class='ocrx_word' id='word_1_10' title='bbox 0 1802 112 1865; x_wconf 95' lang='lat' dir='ltr'><strong>  </strong></span> 
     </span>
     <span class='ocr_line' id='line_1_11' title="bbox 0 1865 113 1996; baseline 0 -22"><span class='ocrx_word' id='word_1_11' title='bbox 0 1865 113 1996; x_wconf 95' lang='lat' dir='ltr'><strong>   </strong></span> 
     </span>
     <span class='ocr_line' id='line_1_12' title="bbox 0 1996 112 2063; baseline 0 0"><span class='ocrx_word' id='word_1_12' title='bbox 0 1996 112 2063; x_wconf 95' lang='lat' dir='ltr'><strong>  </strong></span> 
     </span>
     <span class='ocr_line' id='line_1_13' title="bbox 0 2063 111 2126; baseline 0 0"><span class='ocrx_word' id='word_1_13' title='bbox 0 2063 111 2126; x_wconf 95' lang='lat' dir='ltr'><strong>  </strong></span> 
     </span>
     <span class='ocr_line' id='line_1_14' title="bbox 0 2126 111 2193; baseline 0 0"><span class='ocrx_word' id='word_1_14' title='bbox 0 2126 111 2193; x_wconf 95' lang='lat' dir='ltr'><strong>  </strong></span> 
     </span>
     <span class='ocr_line' id='line_1_15' title="bbox 0 2193 111 2257; baseline 0 0"><span class='ocrx_word' id='word_1_15' title='bbox 0 2193 111 2257; x_wconf 95' lang='lat' dir='ltr'><strong>  </strong></span> 
     </span>
     <span class='ocr_line' id='line_1_16' title="bbox 0 2257 154 2470; baseline 0 -40"><span class='ocrx_word' id='word_1_16' title='bbox 0 2257 154 2470; x_wconf 95' lang='lat' dir='ltr'><strong>    </strong></span> 
     </span>
     <span class='ocr_line' id='line_1_17' title="bbox 0 2470 152 2602; baseline 0 -22"><span class='ocrx_word' id='word_1_17' title='bbox 0 2470 152 2602; x_wconf 95' lang='lat' dir='ltr'><strong>    </strong></span> 
     </span>
     <span class='ocr_line' id='line_1_18' title="bbox 0 2602 109 2712; baseline 0 -17"><span class='ocrx_word' id='word_1_18' title='bbox 0 2602 109 2712; x_wconf 95' lang='lat' dir='ltr'><strong>    </strong></span> 
     </span>
     <span class='ocr_line' id='line_1_19' title="bbox 0 2712 109 2804; baseline 0 -54"><span class='ocrx_word' id='word_1_19' title='bbox 0 2712 109 2804; x_wconf 95' lang='lat' dir='ltr'><strong>   </strong></span> 
     </span>
     <span class='ocr_line' id='line_1_20' title="bbox 0 2804 110 2976; baseline 0 -58"><span class='ocrx_word' id='word_1_20' title='bbox 0 2804 110 2976; x_wconf 95' lang='lat' dir='ltr'><strong>    </strong></span> 
     </span>
     <span class='ocr_line' id='line_1_21' title="bbox 0 2976 108 3087; baseline 0 -54"><span class='ocrx_word' id='word_1_21' title='bbox 0 2976 108 3087; x_wconf 95' lang='lat' dir='ltr'><strong>   </strong></span> 
     </span>
     <span class='ocr_line' id='line_1_22' title="bbox 0 3087 154 3568; baseline 0 0"><span class='ocrx_word' id='word_1_22' title='bbox 0 3087 154 3568; x_wconf 95' lang='lat' dir='ltr'><strong>  </strong></span> 
     </span>
    </p>
   </div>
   <div class='ocr_carea' id='block_1_2' title="bbox 904 205 1755 259">
    <p class='ocr_par' dir='ltr' id='par_1_2' title="bbox 904 205 1755 259">
     <span class='ocr_line' id='line_1_23' title="bbox 904 205 1755 259; baseline 0.006 -15"><span class='ocrx_word' id='word_1_23' title='bbox 904 205 978 245; x_wconf 87' lang='lat'>151</span> <span class='ocrx_word' id='word_1_24' title='bbox 1528 207 1554 259; x_wconf 65' lang='lat' dir='ltr'>g</span> <span class='ocrx_word' id='word_1_25' title='bbox 1585 209 1657 259; x_wconf 85' lang='lat'><strong>90,</strong></span> <span class='ocrx_word' id='word_1_26' title='bbox 1690 209 1755 249; x_wconf 80' lang='lat'><strong>91.</strong></span> 
     </span>
    </p>
   </div>
   <div class='ocr_carea' id='block_1_3' title="bbox 11 327 1759 2339">
    <p class='ocr_par' dir='ltr' id='par_1_3' title="bbox 12 327 1759 842">
     <span class='ocr_line' id='line_1_24' title="bbox 98 327 1757 382; baseline 0.002 -12.92"><span class='ocrx_word' id='word_1_27' title='bbox 98 328 204 371; x_wconf 53' lang='lat'>&#39;2212</span> <span class='ocrx_word' id='word_1_28' title='bbox 229 327 317 380; x_wconf 83' lang='lat' dir='ltr'><strong>sq.)</strong></span> <span class='ocrx_word' id='word_1_29' title='bbox 348 330 521 379; x_wconf 89' lang='lat' dir='ltr'><strong>spectat.</strong></span> <span class='ocrx_word' id='word_1_30' title='bbox 554 329 642 368; x_wconf 89' lang='lat' dir='ltr'><strong>Viri</strong></span> <span class='ocrx_word' id='word_1_31' title='bbox 670 329 781 368; x_wconf 90' lang='lat' dir='ltr'><strong>docti</strong></span> <span class='ocrx_word' id='word_1_32' title='bbox 810 341 911 369; x_wconf 88' lang='lat' dir='ltr'><strong>vero</strong></span> <span class='ocrx_word' id='word_1_33' title='bbox 940 342 1097 381; x_wconf 89' lang='lat' dir='ltr'><strong>negare</strong></span> <span class='ocrx_word' id='word_1_34' title='bbox 1126 332 1262 370; x_wconf 83' lang='lat' dir='ltr'>solent</span> <span class='ocrx_word' id='word_1_35' title='bbox 1290 332 1551 382; x_wconf 85' lang='lat' dir='ltr'><strong>epigramma</strong></span> <span class='ocrx_word' id='word_1_36' title='bbox 1580 334 1651 372; x_wconf 89' lang='lat' dir='ltr'><strong>VI.</strong></span> <span class='ocrx_word' id='word_1_37' title='bbox 1683 334 1757 373; x_wconf 89' lang='lat'><strong>144</strong></span> 
     </span>
     <span class='ocr_line' id='line_1_25' title="bbox 115 390 1757 448; baseline 0.002 -12.915"><span class='ocrx_word' id='word_1_38' title='bbox 67 386 333 450; x_wconf 45' lang='lat' dir='ltr'><strong>fs&#39;pertinere</strong></span> <span class='ocrx_word' id='word_1_39' title='bbox 369 395 424 434; x_wconf 90' lang='lat' dir='ltr'><strong>ad</strong></span> <span class='ocrx_word' id='word_1_40' title='bbox 461 395 653 434; x_wconf 82' lang='lat' dir='ltr'>ordinem</span> <span class='ocrx_word' id='word_1_41' title='bbox 691 394 1030 434; x_wconf 82' lang='lat' dir='ltr'><strong>Anacreonteum</strong></span> <span class='ocrx_word' id='word_1_42' title='bbox 1070 394 1269 447; x_wconf 81' lang='lat' dir='ltr'><strong>(Jacobs,</strong></span> <span class='ocrx_word' id='word_1_43' title='bbox 1312 398 1476 448; x_wconf 88' lang='lat' dir='ltr'><strong>Bergk,</strong></span> <span class='ocrx_word' id='word_1_44' title='bbox 1522 398 1757 438; x_wconf 87' lang='lat' dir='ltr'><strong>Sternbach</strong></span> 
     </span>
     <span class='ocr_line' id='line_1_26' title="bbox 69 458 1759 513; baseline 0.001 -12"><span class='ocrx_word' id='word_1_45' title='bbox 69 474 86 511; x_wconf 57' lang='grc' dir='ltr'><strong>ἦ</strong></span> <span class='ocrx_word' id='word_1_46' title='bbox 124 459 217 501; x_wconf 71' lang='lat' dir='ltr'><strong>nel.</strong></span> <span class='ocrx_word' id='word_1_47' title='bbox 249 460 322 500; x_wconf 83' lang='lat' dir='ltr'><strong>Gr.</strong></span> <span class='ocrx_word' id='word_1_48' title='bbox 364 458 387 499; x_wconf 98' lang='lat' dir='ltr'>I</span> <span class='ocrx_word' id='word_1_49' title='bbox 429 471 470 510; x_wconf 92' lang='lat' dir='ltr'><strong>p.</strong></span> <span class='ocrx_word' id='word_1_50' title='bbox 511 459 606 510; x_wconf 88' lang='grc'><strong>107,</strong></span> <span class='ocrx_word' id='word_1_51' title='bbox 656 459 951 513; x_wconf 82' lang='lat' dir='ltr'><strong>Stadtmiiller,</strong></span> <span class='ocrx_word' id='word_1_52' title='bbox 998 459 1110 511; x_wconf 84' lang='lat' dir='ltr'><strong>alii),</strong></span> <span class='ocrx_word' id='word_1_53' title='bbox 1156 461 1200 500; x_wconf 93' lang='lat' dir='ltr'><strong>in</strong></span> <span class='ocrx_word' id='word_1_54' title='bbox 1243 463 1334 501; x_wconf 90' lang='lat' dir='ltr'><strong>cod.</strong></span> <span class='ocrx_word' id='word_1_55' title='bbox 1378 463 1465 501; x_wconf 89' lang='lat' dir='ltr'><strong>Pal.</strong></span> <span class='ocrx_word' id='word_1_56' title='bbox 1507 464 1619 502; x_wconf 90' lang='lat' dir='ltr'><strong>enim</strong></span> <span class='ocrx_word' id='word_1_57' title='bbox 1661 466 1759 503; x_wconf 88' lang='lat' dir='ltr'><strong>ante</strong></span> 
     </span>
     <span class='ocr_line' id='line_1_27' title="bbox 72 516 1756 578; baseline 0.001 -11"><span class='ocrx_word' id='word_1_58' title='bbox 72 516 89 567; x_wconf 60' lang='grc' dir='ltr'><strong>’Ῠ</strong></span> <span class='ocrx_word' id='word_1_59' title='bbox 122 525 382 576; x_wconf 78' lang='lat' dir='ltr'><strong>epigramma</strong></span> <span class='ocrx_word' id='word_1_60' title='bbox 420 536 603 564; x_wconf 86' lang='lat' dir='ltr'><strong>vacuum</strong></span> <span class='ocrx_word' id='word_1_61' title='bbox 640 525 695 564; x_wconf 90' lang='lat' dir='ltr'><strong>ab</strong></span> <span class='ocrx_word' id='word_1_62' title='bbox 732 524 766 563; x_wconf 94' lang='lat' dir='ltr'>A</span> <span class='ocrx_word' id='word_1_63' title='bbox 804 525 995 564; x_wconf 90' lang='lat' dir='ltr'><strong>relictum</strong></span> <span class='ocrx_word' id='word_1_64' title='bbox 1030 527 1094 565; x_wconf 90' lang='lat' dir='ltr'><strong>est</strong></span> <span class='ocrx_word' id='word_1_65' title='bbox 1124 527 1309 576; x_wconf 91' lang='lat' dir='ltr'><strong>spatium</strong></span> <span class='ocrx_word' id='word_1_66' title='bbox 1339 539 1413 566; x_wconf 87' lang='lat' dir='ltr'><strong>sex</strong></span> <span class='ocrx_word' id='word_1_67' title='bbox 1441 528 1671 578; x_wconf 89' lang='lat' dir='ltr'><strong>linearum,</strong></span> <span class='ocrx_word' id='word_1_68' title='bbox 1712 530 1756 568; x_wconf 92' lang='lat' dir='ltr'><strong>in</strong></span> 
     </span>
     <span class='ocr_line' id='line_1_28' title="bbox 123 588 1756 642; baseline 0.002 -12.858"><span class='ocrx_word' id='word_1_69' title='bbox 123 601 209 642; x_wconf 85' lang='lat' dir='ltr'><strong>quo</strong></span> <span class='ocrx_word' id='word_1_70' title='bbox 234 590 422 629; x_wconf 82' lang='lat' dir='ltr'><strong>extitisse</strong></span> <span class='ocrx_word' id='word_1_71' title='bbox 449 591 602 640; x_wconf 88' lang='lat' dir='ltr'><strong>putant</strong></span> <span class='ocrx_word' id='word_1_72' title='bbox 629 590 891 640; x_wconf 88' lang='lat' dir='ltr'><strong>epigramma</strong></span> <span class='ocrx_word' id='word_1_73' title='bbox 919 588 1190 642; x_wconf 84' lang='grc' dir='ltr'><em>Σιμωνίδου,</em></span> <span class='ocrx_word' id='word_1_74' title='bbox 1223 592 1338 641; x_wconf 91' lang='lat' dir='ltr'><strong>quod</strong></span> <span class='ocrx_word' id='word_1_75' title='bbox 1361 593 1586 642; x_wconf 81' lang='lat' dir='ltr'><strong>respiceret</strong></span> <span class='ocrx_word' id='word_1_76' title='bbox 1607 594 1756 633; x_wconf 90' lang='lat' dir='ltr'><strong>titulus</strong></span> 
     </span>
     <span class='ocr_line' id='line_1_29' title="bbox 15 653 1754 711; baseline 0.001 -16"><span class='ocrx_word' id='word_1_77' title='bbox 15 667 19 673; x_wconf 44' lang='lat'><strong>‘⁷</strong></span> <span class='ocrx_word' id='word_1_78' title='bbox 67 658 97 711; x_wconf 58' lang='lat' dir='ltr'><strong>{fij}</strong></span> <span class='ocrx_word' id='word_1_79' title='bbox 121 657 196 696; x_wconf 75' lang='grc' dir='ltr'><strong>τοῦ</strong></span> <span class='ocrx_word' id='word_1_80' title='bbox 231 653 374 695; x_wconf 74' lang='grc' dir='ltr'><strong><em>αὑτοῦ.</em></strong></span> <span class='ocrx_word' id='word_1_81' title='bbox 415 655 510 701; x_wconf 82' lang='lat' dir='ltr'><strong>Quo</strong></span> <span class='ocrx_word' id='word_1_82' title='bbox 538 655 720 705; x_wconf 83' lang='lat' dir='ltr'><strong>factum,</strong></span> <span class='ocrx_word' id='word_1_83' title='bbox 762 657 810 694; x_wconf 88' lang='lat' dir='ltr'><strong>ut</strong></span> <span class='ocrx_word' id='word_1_84' title='bbox 837 655 1060 694; x_wconf 83' lang='lat' dir='ltr'><strong>titulorum</strong></span> <span class='ocrx_word' id='word_1_85' title='bbox 1089 667 1311 696; x_wconf 78' lang='lat' dir='ltr'><strong>consensu</strong></span> <span class='ocrx_word' id='word_1_86' title='bbox 1342 655 1430 707; x_wconf 88' lang='lat' dir='ltr'>(VI.</span> <span class='ocrx_word' id='word_1_87' title='bbox 1466 657 1540 696; x_wconf 85' lang='lat'>144</span> <span class='ocrx_word' id='word_1_88' title='bbox 1570 659 1610 697; x_wconf 90' lang='lat' dir='ltr'><strong>et</strong></span> <span class='ocrx_word' id='word_1_89' title='bbox 1637 657 1754 709; x_wconf 85' lang='lat'>213*)</span> 
     </span>
     <span class='ocr_line' id='line_1_30' title="bbox 14 713 1751 774; baseline 0.001 -13"><span class='ocrx_word' id='word_1_90' title='bbox 14 730 17 739; x_wconf 65' lang='grc'><strong>“</strong></span> <span class='ocrx_word' id='word_1_91' title='bbox 122 721 349 774; x_wconf 84' lang='lat' dir='ltr'><strong>constituto</strong></span> <span class='ocrx_word' id='word_1_92' title='bbox 390 721 470 759; x_wconf 85' lang='lat' dir='ltr'><strong>viri</strong></span> <span class='ocrx_word' id='word_1_93' title='bbox 513 721 554 759; x_wconf 93' lang='lat' dir='ltr'><strong>d.</strong></span> <span class='ocrx_word' id='word_1_94' title='bbox 571 751 581 771; x_wconf 92' lang='lat'><strong>,</strong></span> <span class='ocrx_word' id='word_1_95' title='bbox 627 721 701 770; x_wconf 92' lang='lat' dir='ltr'><strong>qui</strong></span> <span class='ocrx_word' id='word_1_96' title='bbox 738 713 1027 760; x_wconf 82' lang='lat' dir='ltr'><strong>Anacreontea</strong></span> <span class='ocrx_word' id='word_1_97' title='bbox 1065 733 1158 772; x_wconf 87' lang='lat' dir='ltr'><strong>epp.</strong></span> <span class='ocrx_word' id='word_1_98' title='bbox 1201 723 1432 761; x_wconf 78' lang='lat' dir='ltr'><strong>tractarent</strong></span> <span class='ocrx_word' id='word_1_99' title='bbox 1460 721 1530 773; x_wconf 88' lang='lat'>118)</span> <span class='ocrx_word' id='word_1_100' title='bbox 1570 724 1650 763; x_wconf 91' lang='lat' dir='ltr'><strong>hoc</strong></span> <span class='ocrx_word' id='word_1_101' title='bbox 1686 735 1751 773; x_wconf 89' lang='lat' dir='ltr'><strong>ep.</strong></span> 
     </span>
     <span class='ocr_line' id='line_1_31' title="bbox 12 785 1756 838; baseline -0.001 -10"><span class='ocrx_word' id='word_1_102' title='bbox 12 811 16 829; x_wconf 61' lang='lat'><em>2</em></span> <span class='ocrx_word' id='word_1_103' title='bbox 121 787 265 836; x_wconf 79' lang='lat' dir='ltr'><strong>utpote</strong></span> <span class='ocrx_word' id='word_1_104' title='bbox 307 785 599 826; x_wconf 87' lang='lat' dir='ltr'><strong>Simonideum</strong></span> <span class='ocrx_word' id='word_1_105' title='bbox 640 788 808 825; x_wconf 88' lang='lat' dir='ltr'><strong>tantum</strong></span> <span class='ocrx_word' id='word_1_106' title='bbox 845 798 931 825; x_wconf 91' lang='lat' dir='ltr'><strong>non</strong></span> <span class='ocrx_word' id='word_1_107' title='bbox 955 787 1262 838; x_wconf 76' lang='lat' dir='ltr'><strong>neglegerent,</strong></span> <span class='ocrx_word' id='word_1_108' title='bbox 1310 788 1384 836; x_wconf 91' lang='lat' dir='ltr'><strong>qui</strong></span> <span class='ocrx_word' id='word_1_109' title='bbox 1425 787 1666 827; x_wconf 88' lang='lat' dir='ltr'><strong>Simonidea</strong></span> <span class='ocrx_word' id='word_1_110' title='bbox 1703 810 1756 816; x_wconf 92' lang='lat'>—</span> 
     </span>
    </p>

    <p class='ocr_par' dir='ltr' id='par_1_4' title="bbox 59 842 1755 901">
     <span class='ocr_line' id='line_1_32' title="bbox 120 851 1755 901; baseline 0.001 -9.928"><span class='ocrx_word' id='word_1_111' title='bbox 120 851 230 891; x_wconf 77' lang='lat' dir='ltr'><strong>inter</strong></span> <span class='ocrx_word' id='word_1_112' title='bbox 256 862 366 901; x_wconf 87' lang='lat' dir='ltr'><strong>quos</strong></span> <span class='ocrx_word' id='word_1_113' title='bbox 394 851 520 890; x_wconf 88' lang='lat' dir='ltr'><strong>etiam</strong></span> <span class='ocrx_word' id='word_1_114' title='bbox 543 851 740 890; x_wconf 82' lang='lat' dir='ltr'><strong>wilhelm</strong></span> <span class='ocrx_word' id='word_1_115' title='bbox 767 873 820 879; x_wconf 95' lang='lat'><strong>—</strong></span> <span class='ocrx_word' id='word_1_116' title='bbox 847 851 1125 890; x_wconf 90' lang='lat' dir='ltr'><strong>Anacreontei</strong></span> <span class='ocrx_word' id='word_1_117' title='bbox 1154 852 1263 891; x_wconf 88' lang='lat' dir='ltr'><strong>tituli</strong></span> <span class='ocrx_word' id='word_1_118' title='bbox 1289 853 1494 892; x_wconf 89' lang='lat' dir='ltr'><strong>rationem</strong></span> <span class='ocrx_word' id='word_1_119' title='bbox 1519 865 1604 892; x_wconf 91' lang='lat' dir='ltr'><strong>non</strong></span> <span class='ocrx_word' id='word_1_120' title='bbox 1629 854 1755 893; x_wconf 92' lang='lat' dir='ltr'><strong>habe-</strong></span> 
     </span>
    </p>

    <p class='ocr_par' dir='ltr' id='par_1_5' title="bbox 11 915 1755 1035">
     <span class='ocr_line' id='line_1_33' title="bbox 62 915 1755 958; baseline 0.001 -2"><span class='ocrx_word' id='word_1_121' title='bbox 62 925 91 956; x_wconf 43' lang='grc' dir='ltr'><strong>«ἵν.</strong></span> <span class='ocrx_word' id='word_1_122' title='bbox 121 918 227 956; x_wconf 84' lang='lat' dir='ltr'><strong>rent.</strong></span> <span class='ocrx_word' id='word_1_123' title='bbox 275 915 320 956; x_wconf 91' lang='lat' dir='ltr'><strong>Si</strong></span> <span class='ocrx_word' id='word_1_124' title='bbox 358 927 459 955; x_wconf 87' lang='lat' dir='ltr'><strong>vero</strong></span> <span class='ocrx_word' id='word_1_125' title='bbox 495 916 674 955; x_wconf 87' lang='lat' dir='ltr'><strong>lacunae</strong></span> <span class='ocrx_word' id='word_1_126' title='bbox 710 916 888 955; x_wconf 92' lang='lat' dir='ltr'><strong>nimium</strong></span> <span class='ocrx_word' id='word_1_127' title='bbox 922 917 1124 956; x_wconf 88' lang='lat' dir='ltr'><strong>tribuisse</strong></span> <span class='ocrx_word' id='word_1_128' title='bbox 1152 917 1268 956; x_wconf 87' lang='lat' dir='ltr'><strong>viros</strong></span> <span class='ocrx_word' id='word_1_129' title='bbox 1297 917 1442 957; x_wconf 89' lang='lat' dir='ltr'><strong>doctos</strong></span> <span class='ocrx_word' id='word_1_130' title='bbox 1471 919 1755 958; x_wconf 88' lang='lat' dir='ltr'><strong>demonstrari</strong></span> 
     </span>
     <span class='ocr_line' id='line_1_34' title="bbox 11 971 1754 1035; baseline 0.002 -15"><span class='ocrx_word' id='word_1_131' title='bbox 11 1014 14 1035; x_wconf 29' lang='grc' dir='ltr'>ξ</span> <span class='ocrx_word' id='word_1_132' title='bbox 54 971 87 1026; x_wconf 63' lang='grc' dir='ltr'><strong>Ῑζ</strong></span> <span class='ocrx_word' id='word_1_133' title='bbox 119 981 292 1032; x_wconf 87' lang='lat' dir='ltr'><strong>poterit,</strong></span> <span class='ocrx_word' id='word_1_134' title='bbox 328 982 619 1031; x_wconf 86' lang='lat' dir='ltr'><strong>quaestionem</strong></span> <span class='ocrx_word' id='word_1_135' title='bbox 649 982 701 1021; x_wconf 92' lang='lat' dir='ltr'><strong>de</strong></span> <span class='ocrx_word' id='word_1_136' title='bbox 728 982 949 1021; x_wconf 91' lang='lat' dir='ltr'><strong>titulorum</strong></span> <span class='ocrx_word' id='word_1_137' title='bbox 978 982 1224 1021; x_wconf 88' lang='lat' dir='ltr'><strong>diversitate</strong></span> <span class='ocrx_word' id='word_1_138' title='bbox 1251 995 1300 1022; x_wconf 90' lang='lat' dir='ltr'><strong>ac</strong></span> <span class='ocrx_word' id='word_1_139' title='bbox 1328 983 1572 1022; x_wconf 91' lang='lat' dir='ltr'><strong>condicione</strong></span> <span class='ocrx_word' id='word_1_140' title='bbox 1600 985 1754 1034; x_wconf 89' lang='lat' dir='ltr'><strong>adipis-</strong></span> 
     </span>
    </p>

    <p class='ocr_par' dir='ltr' id='par_1_6' title="bbox 51 1039 1754 2339">
     <span class='ocr_line' id='line_1_35' title="bbox 66 1039 1754 1098; baseline 0.002 -12"><span class='ocrx_word' id='word_1_141' title='bbox 66 1039 87 1097; x_wconf 73' lang='lat' dir='ltr'><strong>&#39;J</strong></span> <span class='ocrx_word' id='word_1_142' title='bbox 119 1058 263 1087; x_wconf 82' lang='lat' dir='ltr'><strong>cemur</strong></span> <span class='ocrx_word' id='word_1_143' title='bbox 289 1047 378 1086; x_wconf 78' lang='lat' dir='ltr'><strong>fere</strong></span> <span class='ocrx_word' id='word_1_144' title='bbox 404 1048 627 1098; x_wconf 89' lang='lat' dir='ltr'><strong>integram.</strong></span> <span class='ocrx_word' id='word_1_145' title='bbox 666 1048 808 1087; x_wconf 92' lang='lat' dir='ltr'><strong>Huius</strong></span> <span class='ocrx_word' id='word_1_146' title='bbox 837 1050 979 1087; x_wconf 86' lang='lat' dir='ltr'><strong>autem</strong></span> <span class='ocrx_word' id='word_1_147' title='bbox 1009 1048 1270 1097; x_wconf 88' lang='lat' dir='ltr'><strong>quaestionis</strong></span> <span class='ocrx_word' id='word_1_148' title='bbox 1300 1048 1546 1088; x_wconf 87' lang='lat' dir='ltr'><strong>tractandae</strong></span> <span class='ocrx_word' id='word_1_149' title='bbox 1574 1050 1754 1089; x_wconf 82' lang='lat' dir='ltr'><strong>facultas</strong></span> 
     </span>
     <span class='ocr_line' id='line_1_36' title="bbox 59 1105 1753 1166; baseline 0 -14"><span class='ocrx_word' id='word_1_150' title='bbox 59 1105 93 1166; x_wconf 43' lang='lat' dir='ltr'><strong>[J</strong></span> <span class='ocrx_word' id='word_1_151' title='bbox 117 1113 290 1153; x_wconf 87' lang='lat' dir='ltr'><strong>omnino</strong></span> <span class='ocrx_word' id='word_1_152' title='bbox 325 1113 497 1152; x_wconf 91' lang='lat' dir='ltr'><strong>demum</strong></span> <span class='ocrx_word' id='word_1_153' title='bbox 533 1114 632 1153; x_wconf 86' lang='lat' dir='ltr'><strong>data</strong></span> <span class='ocrx_word' id='word_1_154' title='bbox 670 1115 756 1163; x_wconf 91' lang='lat' dir='ltr'><strong>est,</strong></span> <span class='ocrx_word' id='word_1_155' title='bbox 798 1115 1027 1163; x_wconf 90' lang='lat' dir='ltr'><strong>postquam</strong></span> <span class='ocrx_word' id='word_1_156' title='bbox 1068 1113 1345 1153; x_wconf 83' lang='lat' dir='ltr'><strong>Stadtmiiller</strong></span> <span class='ocrx_word' id='word_1_157' title='bbox 1380 1114 1570 1153; x_wconf 89' lang='lat' dir='ltr'><strong>locorum</strong></span> <span class='ocrx_word' id='word_1_158' title='bbox 1599 1114 1753 1153; x_wconf 91' lang='lat' dir='ltr'><strong>codicis</strong></span> 
     </span>
     <span class='ocr_line' id='line_1_37' title="bbox 119 1176 1748 1229; baseline 0 -12"><span class='ocrx_word' id='word_1_159' title='bbox 119 1176 318 1229; x_wconf 84' lang='lat' dir='ltr'><strong>Palatini,</strong></span> <span class='ocrx_word' id='word_1_160' title='bbox 351 1190 462 1228; x_wconf 91' lang='lat' dir='ltr'><strong>quae</strong></span> <span class='ocrx_word' id='word_1_161' title='bbox 488 1179 533 1218; x_wconf 90' lang='lat' dir='ltr'><strong>in</strong></span> <span class='ocrx_word' id='word_1_162' title='bbox 562 1190 738 1218; x_wconf 91' lang='lat' dir='ltr'><strong>censum</strong></span> <span class='ocrx_word' id='word_1_163' title='bbox 767 1179 966 1228; x_wconf 89' lang='lat' dir='ltr'><strong>veniunt,</strong></span> <span class='ocrx_word' id='word_1_164' title='bbox 999 1180 1242 1218; x_wconf 86' lang='lat' dir='ltr'><strong>accuratam</strong></span> <span class='ocrx_word' id='word_1_165' title='bbox 1267 1179 1380 1218; x_wconf 86' lang='lat' dir='ltr'><strong>dedit</strong></span> <span class='ocrx_word' id='word_1_166' title='bbox 1402 1179 1748 1229; x_wconf 88' lang='lat' dir='ltr'><strong>descriptionem,</strong></span> 
     </span>
     <span class='ocr_line' id='line_1_38' title="bbox 117 1242 1754 1295; baseline 0.001 -12.945"><span class='ocrx_word' id='word_1_167' title='bbox 117 1242 311 1283; x_wconf 79' lang='lat' dir='ltr'><strong>wilhelm</strong></span> <span class='ocrx_word' id='word_1_168' title='bbox 349 1245 477 1294; x_wconf 69' lang='lat' dir='ltr'><strong>⁴prius</strong></span> <span class='ocrx_word' id='word_1_169' title='bbox 523 1244 653 1283; x_wconf 90' lang='lat' dir='ltr'><strong>huius</strong></span> <span class='ocrx_word' id='word_1_170' title='bbox 699 1245 1017 1295; x_wconf 89' lang='lat' dir='ltr'><strong>epigrammatis</strong></span> <span class='ocrx_word' id='word_1_171' title='bbox 1060 1244 1271 1283; x_wconf 89' lang='lat' dir='ltr'><strong>distichon</strong></span> <span class='ocrx_word' id='word_1_172' title='bbox 1313 1245 1488 1294; x_wconf 89' lang='lat' dir='ltr'><strong>agnovit</strong></span> <span class='ocrx_word' id='word_1_173' title='bbox 1530 1245 1573 1283; x_wconf 90' lang='lat' dir='ltr'><strong>in</strong></span> <span class='ocrx_word' id='word_1_174' title='bbox 1614 1245 1754 1294; x_wconf 87' lang='lat' dir='ltr'><strong>lapide</strong></span> 
     </span>
     <span class='ocr_line' id='line_1_39' title="bbox 116 1307 1747 1360; baseline 0 -12"><span class='ocrx_word' id='word_1_175' title='bbox 116 1307 293 1359; x_wconf 81' lang='lat' dir='ltr'><strong>eiusque</strong></span> <span class='ocrx_word' id='word_1_176' title='bbox 319 1309 594 1349; x_wconf 89' lang='lat' dir='ltr'><strong>imitationem</strong></span> <span class='ocrx_word' id='word_1_177' title='bbox 623 1309 667 1348; x_wconf 92' lang='lat' dir='ltr'><strong>in</strong></span> <span class='ocrx_word' id='word_1_178' title='bbox 696 1310 972 1360; x_wconf 89' lang='lat' dir='ltr'><strong>inscriptione</strong></span> <span class='ocrx_word' id='word_1_179' title='bbox 999 1310 1133 1349; x_wconf 90' lang='lat' dir='ltr'><strong>Attica</strong></span> <span class='ocrx_word' id='word_1_180' title='bbox 1163 1310 1311 1348; x_wconf 89' lang='lat' dir='ltr'><strong>aetatis</strong></span> <span class='ocrx_word' id='word_1_181' title='bbox 1340 1310 1635 1359; x_wconf 86' lang='lat' dir='ltr'><strong>imperatoriae</strong></span> <span class='ocrx_word' id='word_1_182' title='bbox 1662 1309 1747 1360; x_wconf 81' lang='lat'>119).</span> 
     </span>
     <span class='ocr_line' id='line_1_40' title="bbox 81 1373 1751 1430; baseline 0 -17"><span class='ocrx_word' id='word_1_183' title='bbox 81 1428 83 1430; x_wconf 14' lang='lat' dir='ltr'><strong>q</strong></span> <span class='ocrx_word' id='word_1_184' title='bbox 169 1373 469 1425; x_wconf 81' lang='lat' dir='ltr'><strong>Quaestiones,</strong></span> <span class='ocrx_word' id='word_1_185' title='bbox 511 1387 622 1424; x_wconf 89' lang='lat' dir='ltr'><strong>quae</strong></span> <span class='ocrx_word' id='word_1_186' title='bbox 658 1386 756 1414; x_wconf 87' lang='lat' dir='ltr'><strong>cum</strong></span> <span class='ocrx_word' id='word_1_187' title='bbox 793 1375 873 1414; x_wconf 89' lang='lat' dir='ltr'><strong>hoc</strong></span> <span class='ocrx_word' id='word_1_188' title='bbox 907 1375 1211 1425; x_wconf 89' lang='lat' dir='ltr'><strong>epigrammate</strong></span> <span class='ocrx_word' id='word_1_189' title='bbox 1239 1375 1416 1424; x_wconf 91' lang='lat' dir='ltr'><strong>eiusque</strong></span> <span class='ocrx_word' id='word_1_190' title='bbox 1443 1375 1576 1413; x_wconf 89' lang='lat' dir='ltr'><strong>titulis</strong></span> <span class='ocrx_word' id='word_1_191' title='bbox 1605 1375 1751 1414; x_wconf 87' lang='lat' dir='ltr'><strong>cohae-</strong></span> 
     </span>
     <span class='ocr_line' id='line_1_41' title="bbox 64 1435 1751 1491; baseline 0.001 -14"><span class='ocrx_word' id='word_1_192' title='bbox 64 1435 232 1489; x_wconf 71' lang='grc' dir='ltr'><strong>’ἶ””ἰ·ειι1;,</strong></span> <span class='ocrx_word' id='word_1_193' title='bbox 273 1451 347 1479; x_wconf 89' lang='lat' dir='ltr'><strong>eae</strong></span> <span class='ocrx_word' id='word_1_194' title='bbox 383 1442 507 1490; x_wconf 84' lang='lat' dir='ltr'><strong>sunt,</strong></span> <span class='ocrx_word' id='word_1_195' title='bbox 548 1442 596 1479; x_wconf 90' lang='lat' dir='ltr'><strong>ut</strong></span> <span class='ocrx_word' id='word_1_196' title='bbox 632 1439 870 1491; x_wconf 86' lang='lat' dir='ltr'><strong>obtegenda</strong></span> <span class='ocrx_word' id='word_1_197' title='bbox 907 1440 1153 1479; x_wconf 87' lang='lat' dir='ltr'><strong>notitiarum</strong></span> <span class='ocrx_word' id='word_1_198' title='bbox 1191 1440 1436 1479; x_wconf 86' lang='lat' dir='ltr'><strong>diversitate</strong></span> <span class='ocrx_word' id='word_1_199' title='bbox 1473 1440 1634 1478; x_wconf 88' lang='lat' dir='ltr'><strong>tibimet</strong></span> <span class='ocrx_word' id='word_1_200' title='bbox 1671 1440 1751 1489; x_wconf 90' lang='lat' dir='ltr'><strong>ipsi</strong></span> 
     </span>
     <span class='ocr_line' id='line_1_42' title="bbox 79 1502 1751 1555; baseline -0.001 -12.002"><span class='ocrx_word' id='word_1_201' title='bbox 79 1535 89 1547; x_wconf 45' lang='grc' dir='ltr'>ᾆ</span> <span class='ocrx_word' id='word_1_202' title='bbox 117 1502 227 1543; x_wconf 82' lang='lat' dir='ltr'><strong>viam</strong></span> <span class='ocrx_word' id='word_1_203' title='bbox 266 1504 320 1543; x_wconf 87' lang='lat' dir='ltr'><strong>ad</strong></span> <span class='ocrx_word' id='word_1_204' title='bbox 357 1504 451 1544; x_wconf 91' lang='lat' dir='ltr'><strong>illas</strong></span> <span class='ocrx_word' id='word_1_205' title='bbox 490 1505 717 1544; x_wconf 89' lang='lat' dir='ltr'><strong>solvendas</strong></span> <span class='ocrx_word' id='word_1_206' title='bbox 754 1505 1000 1555; x_wconf 90' lang='lat' dir='ltr'><strong>obsaepias,</strong></span> <span class='ocrx_word' id='word_1_207' title='bbox 1042 1505 1297 1554; x_wconf 88' lang='lat' dir='ltr'><strong>accipiendis</strong></span> <span class='ocrx_word' id='word_1_208' title='bbox 1327 1517 1427 1543; x_wconf 90' lang='lat' dir='ltr'><strong>vero</strong></span> <span class='ocrx_word' id='word_1_209' title='bbox 1457 1504 1751 1554; x_wconf 87' lang='lat' dir='ltr'><strong>discrepantiis</strong></span> 
     </span>
     <span class='ocr_line' id='line_1_43' title="bbox 86 1570 1750 1621; baseline -0.001 -13.01"><span class='ocrx_word' id='word_1_210' title='bbox 86 1576 187 1608; x_wconf 55' lang='lat' dir='ltr'><strong>*eas</strong></span> <span class='ocrx_word' id='word_1_211' title='bbox 214 1570 256 1609; x_wconf 88' lang='lat' dir='ltr'><strong>te</strong></span> <span class='ocrx_word' id='word_1_212' title='bbox 283 1570 525 1609; x_wconf 91' lang='lat' dir='ltr'><strong>soluturum</strong></span> <span class='ocrx_word' id='word_1_213' title='bbox 553 1582 648 1610; x_wconf 88' lang='lat' dir='ltr'><strong>esse</strong></span> <span class='ocrx_word' id='word_1_214' title='bbox 676 1582 849 1621; x_wconf 89' lang='lat' dir='ltr'><strong>sperare</strong></span> <span class='ocrx_word' id='word_1_215' title='bbox 877 1571 1030 1621; x_wconf 90' lang='lat' dir='ltr'><strong>possis.</strong></span> <span class='ocrx_word' id='word_1_216' title='bbox 1068 1571 1142 1610; x_wconf 91' lang='lat' dir='ltr'><strong>Vel</strong></span> <span class='ocrx_word' id='word_1_217' title='bbox 1170 1582 1217 1609; x_wconf 91' lang='lat' dir='ltr'><strong>ea</strong></span> <span class='ocrx_word' id='word_1_218' title='bbox 1246 1571 1298 1610; x_wconf 91' lang='lat' dir='ltr'><strong>de</strong></span> <span class='ocrx_word' id='word_1_219' title='bbox 1326 1582 1455 1610; x_wconf 89' lang='lat' dir='ltr'><strong>causa</strong></span> <span class='ocrx_word' id='word_1_220' title='bbox 1486 1570 1588 1609; x_wconf 88' lang='lat' dir='ltr'><strong>viris</strong></span> <span class='ocrx_word' id='word_1_221' title='bbox 1617 1570 1750 1608; x_wconf 88' lang='lat' dir='ltr'><strong>doctis</strong></span> 
     </span>
     <span class='ocr_line' id='line_1_44' title="bbox 64 1630 1749 1686; baseline 0.001 -14"><span class='ocrx_word' id='word_1_222' title='bbox 64 1630 166 1672; x_wconf 57' lang='grc' dir='ltr'><strong>*ἴοι</strong></span> <span class='ocrx_word' id='word_1_223' title='bbox 193 1645 265 1684; x_wconf 91' lang='lat' dir='ltr'><strong>eo,</strong></span> <span class='ocrx_word' id='word_1_224' title='bbox 297 1635 413 1685; x_wconf 91' lang='lat' dir='ltr'><strong>quod</strong></span> <span class='ocrx_word' id='word_1_225' title='bbox 441 1637 539 1675; x_wconf 88' lang='lat' dir='ltr'><strong>ante</strong></span> <span class='ocrx_word' id='word_1_226' title='bbox 566 1648 631 1686; x_wconf 90' lang='lat' dir='ltr'><strong>ep.</strong></span> <span class='ocrx_word' id='word_1_227' title='bbox 651 1636 722 1675; x_wconf 90' lang='lat' dir='ltr'><strong>VI.</strong></span> <span class='ocrx_word' id='word_1_228' title='bbox 750 1637 824 1675; x_wconf 89' lang='lat'>144</span> <span class='ocrx_word' id='word_1_229' title='bbox 853 1636 1006 1676; x_wconf 89' lang='lat' dir='ltr'><strong>lacuna</strong></span> <span class='ocrx_word' id='word_1_230' title='bbox 1036 1636 1166 1675; x_wconf 88' lang='lat' dir='ltr'><strong>unius</strong></span> <span class='ocrx_word' id='word_1_231' title='bbox 1195 1636 1513 1686; x_wconf 87' lang='lat' dir='ltr'><strong>epigrammatis</strong></span> <span class='ocrx_word' id='word_1_232' title='bbox 1543 1635 1749 1674; x_wconf 88' lang='lat' dir='ltr'><strong>ambitum</strong></span> 
     </span>
     <span class='ocr_line' id='line_1_45' title="bbox 67 1699 1750 1752; baseline 0 -13"><span class='ocrx_word' id='word_1_233' title='bbox 67 1701 78 1735; x_wconf 75' lang='grc' dir='ltr'>ἰ</span> <span class='ocrx_word' id='word_1_234' title='bbox 114 1700 394 1751; x_wconf 82' lang='lat' dir='ltr'><strong>complectens</strong></span> <span class='ocrx_word' id='word_1_235' title='bbox 422 1703 537 1740; x_wconf 89' lang='lat' dir='ltr'><strong>extat</strong></span> <span class='ocrx_word' id='word_1_236' title='bbox 564 1702 794 1752; x_wconf 89' lang='lat' dir='ltr'><strong>ipsumque</strong></span> <span class='ocrx_word' id='word_1_237' title='bbox 820 1702 1082 1752; x_wconf 87' lang='lat' dir='ltr'><strong>epigramma</strong></span> <span class='ocrx_word' id='word_1_238' title='bbox 1107 1702 1177 1741; x_wconf 91' lang='lat' dir='ltr'><strong>VI.</strong></span> <span class='ocrx_word' id='word_1_239' title='bbox 1207 1700 1305 1740; x_wconf 79' lang='lat'>213*</span> <span class='ocrx_word' id='word_1_240' title='bbox 1330 1699 1600 1741; x_wconf 78' lang='lat' dir='ltr'><strong>Simonideo</strong></span> <span class='ocrx_word' id='word_1_241' title='bbox 1629 1700 1750 1739; x_wconf 91' lang='lat' dir='ltr'><strong>titulo</strong></span> 
     </span>
     <span class='ocr_line' id='line_1_46' title="bbox 113 1766 1748 1817; baseline 0.001 -12.968"><span class='ocrx_word' id='word_1_242' title='bbox 113 1766 310 1815; x_wconf 83' lang='lat' dir='ltr'><strong>ornatur,</strong></span> <span class='ocrx_word' id='word_1_243' title='bbox 351 1766 560 1806; x_wconf 89' lang='lat' dir='ltr'><strong>deducere</strong></span> <span class='ocrx_word' id='word_1_244' title='bbox 588 1779 673 1806; x_wconf 91' lang='lat' dir='ltr'><strong>non</strong></span> <span class='ocrx_word' id='word_1_245' title='bbox 701 1767 873 1807; x_wconf 89' lang='lat' dir='ltr'><strong>licuisse</strong></span> <span class='ocrx_word' id='word_1_246' title='bbox 900 1767 1119 1817; x_wconf 87' lang='lat' dir='ltr'><strong>putaveris</strong></span> <span class='ocrx_word' id='word_1_247' title='bbox 1147 1767 1346 1806; x_wconf 87' lang='lat' dir='ltr'><strong>lacunam</strong></span> <span class='ocrx_word' id='word_1_248' title='bbox 1374 1778 1582 1816; x_wconf 88' lang='lat' dir='ltr'><strong>occupare</strong></span> <span class='ocrx_word' id='word_1_249' title='bbox 1610 1766 1748 1805; x_wconf 91' lang='lat' dir='ltr'><strong>locum</strong></span> 
     </span>
     <span class='ocr_line' id='line_1_47' title="bbox 62 1825 1748 1883; baseline 0.001 -15"><span class='ocrx_word' id='word_1_250' title='bbox 62 1825 90 1876; x_wconf 49' lang='grc' dir='ltr'><strong>«ᾗ</strong></span> <span class='ocrx_word' id='word_1_251' title='bbox 112 1829 429 1881; x_wconf 85' lang='lat' dir='ltr'><strong>epigrammatis</strong></span> <span class='ocrx_word' id='word_1_252' title='bbox 467 1830 750 1883; x_wconf 79' lang='lat' dir='ltr'><strong>Simonidei,</strong></span> <span class='ocrx_word' id='word_1_253' title='bbox 798 1833 913 1882; x_wconf 93' lang='lat' dir='ltr'><strong>quod</strong></span> <span class='ocrx_word' id='word_1_254' title='bbox 954 1833 1103 1872; x_wconf 89' lang='lat' dir='ltr'><strong>titulus</strong></span> <span class='ocrx_word' id='word_1_255' title='bbox 1146 1832 1280 1871; x_wconf 87' lang='lat' dir='ltr'><strong>nostri</strong></span> <span class='ocrx_word' id='word_1_256' title='bbox 1319 1832 1637 1882; x_wconf 86' lang='lat' dir='ltr'><strong>epigrammatis</strong></span> <span class='ocrx_word' id='word_1_257' title='bbox 1675 1833 1748 1870; x_wconf 81' lang='grc' dir='ltr'><strong>τοῦ</strong></span> 
     </span>
     <span class='ocr_line' id='line_1_48' title="bbox 112 1892 1747 1947; baseline 0.001 -12.969"><span class='ocrx_word' id='word_1_258' title='bbox 112 1892 241 1935; x_wconf 74' lang='grc' dir='ltr'><strong><em>αὐτοῦ</em></strong></span> <span class='ocrx_word' id='word_1_259' title='bbox 278 1896 517 1946; x_wconf 87' lang='lat' dir='ltr'><strong>respiceret.</strong></span> <span class='ocrx_word' id='word_1_260' title='bbox 567 1897 651 1936; x_wconf 87' lang='lat' dir='ltr'><strong>Sed</strong></span> <span class='ocrx_word' id='word_1_261' title='bbox 678 1909 731 1936; x_wconf 87' lang='lat' dir='ltr'><strong>ex</strong></span> <span class='ocrx_word' id='word_1_262' title='bbox 758 1898 896 1947; x_wconf 91' lang='lat' dir='ltr'><strong>ipsius</strong></span> <span class='ocrx_word' id='word_1_263' title='bbox 923 1898 1002 1937; x_wconf 90' lang='lat' dir='ltr'><strong>loci</strong></span> <span class='ocrx_word' id='word_1_264' title='bbox 1031 1899 1205 1947; x_wconf 90' lang='lat' dir='ltr'><strong>aspectu</strong></span> <span class='ocrx_word' id='word_1_265' title='bbox 1235 1909 1406 1947; x_wconf 91' lang='lat' dir='ltr'><strong>quoque</strong></span> <span class='ocrx_word' id='word_1_266' title='bbox 1434 1897 1503 1936; x_wconf 91' lang='lat' dir='ltr'><strong>illa</strong></span> <span class='ocrx_word' id='word_1_267' title='bbox 1533 1897 1747 1936; x_wconf 90' lang='lat' dir='ltr'><strong>conclusio</strong></span> 
     </span>
     <span class='ocr_line' id='line_1_49' title="bbox 113 1960 1747 2013; baseline 0.001 -12.963"><span class='ocrx_word' id='word_1_268' title='bbox 113 1960 334 2000; x_wconf 80' lang='lat' dir='ltr'><strong>temeraria</strong></span> <span class='ocrx_word' id='word_1_269' title='bbox 370 1973 465 2001; x_wconf 85' lang='lat' dir='ltr'><strong>esse</strong></span> <span class='ocrx_word' id='word_1_270' title='bbox 501 1962 681 2002; x_wconf 88' lang='lat' dir='ltr'><strong>videtur.</strong></span> <span class='ocrx_word' id='word_1_271' title='bbox 731 1962 881 2002; x_wconf 89' lang='lat' dir='ltr'><strong>Scriba</strong></span> <span class='ocrx_word' id='word_1_272' title='bbox 918 1962 952 2001; x_wconf 92' lang='lat' dir='ltr'>A</span> <span class='ocrx_word' id='word_1_273' title='bbox 989 1963 1102 2002; x_wconf 91' lang='lat' dir='ltr'><strong>enim</strong></span> <span class='ocrx_word' id='word_1_274' title='bbox 1139 1963 1402 2013; x_wconf 89' lang='lat' dir='ltr'><strong>epigramma</strong></span> <span class='ocrx_word' id='word_1_275' title='bbox 1438 1974 1523 2001; x_wconf 91' lang='lat' dir='ltr'><strong>non</strong></span> <span class='ocrx_word' id='word_1_276' title='bbox 1552 1964 1747 2001; x_wconf 88' lang='lat' dir='ltr'><strong>ornasset</strong></span> 
     </span>
     <span class='ocr_line' id='line_1_50' title="bbox 58 2023 1747 2078; baseline 0.001 -13"><span class='ocrx_word' id='word_1_277' title='bbox 58 2044 68 2078; x_wconf 67' lang='lat'><strong>1‘</strong></span> <span class='ocrx_word' id='word_1_278' title='bbox 112 2023 233 2066; x_wconf 67' lang='lat' dir='ltr'><strong>titulo</strong></span> <span class='ocrx_word' id='word_1_279' title='bbox 268 2028 342 2066; x_wconf 86' lang='grc' dir='ltr'><strong>τοῦ</strong></span> <span class='ocrx_word' id='word_1_280' title='bbox 379 2025 531 2078; x_wconf 84' lang='grc' dir='ltr'><em>αὐτοῦ,</em></span> <span class='ocrx_word' id='word_1_281' title='bbox 578 2027 661 2066; x_wconf 90' lang='lat' dir='ltr'><strong>nisi</strong></span> <span class='ocrx_word' id='word_1_282' title='bbox 696 2027 830 2067; x_wconf 91' lang='lat' dir='ltr'><strong>eidem</strong></span> <span class='ocrx_word' id='word_1_283' title='bbox 870 2029 1016 2078; x_wconf 88' lang='lat' dir='ltr'><strong>poetae</strong></span> <span class='ocrx_word' id='word_1_284' title='bbox 1053 2027 1261 2066; x_wconf 89' lang='lat' dir='ltr'><strong>tributum</strong></span> <span class='ocrx_word' id='word_1_285' title='bbox 1299 2027 1341 2065; x_wconf 91' lang='lat' dir='ltr'><strong>id</strong></span> <span class='ocrx_word' id='word_1_286' title='bbox 1380 2027 1584 2066; x_wconf 90' lang='lat' dir='ltr'><strong>voluisset</strong></span> <span class='ocrx_word' id='word_1_287' title='bbox 1620 2029 1747 2076; x_wconf 90' lang='lat' dir='ltr'><strong>atque</strong></span> 
     </span>
     <span class='ocr_line' id='line_1_51' title="bbox 61 2090 1747 2147; baseline 0.001 -17"><span class='ocrx_word' id='word_1_288' title='bbox 61 2098 78 2147; x_wconf 63' lang='lat' dir='ltr'><strong>Ji</strong></span> <span class='ocrx_word' id='word_1_289' title='bbox 111 2090 415 2142; x_wconf 83' lang='lat' dir='ltr'><strong>epigrammata</strong></span> <span class='ocrx_word' id='word_1_290' title='bbox 456 2093 749 2142; x_wconf 87' lang='lat' dir='ltr'><strong>praecedentia</strong></span> <span class='ocrx_word' id='word_1_291' title='bbox 794 2092 882 2144; x_wconf 91' lang='lat' dir='ltr'>(VI.</span> <span class='ocrx_word' id='word_1_292' title='bbox 918 2091 1170 2143; x_wconf 81' lang='lat'>134—143),</span> <span class='ocrx_word' id='word_1_293' title='bbox 1218 2104 1356 2142; x_wconf 88' lang='lat' dir='ltr'><strong>neque</strong></span> <span class='ocrx_word' id='word_1_294' title='bbox 1394 2093 1532 2132; x_wconf 87' lang='lat' dir='ltr'><strong>scriba</strong></span> <span class='ocrx_word' id='word_1_295' title='bbox 1572 2093 1603 2132; x_wconf 87' lang='lat' dir='ltr'>C</span> <span class='ocrx_word' id='word_1_296' title='bbox 1642 2094 1747 2131; x_wconf 88' lang='lat' dir='ltr'><strong>teste</strong></span> 
     </span>
     <span class='ocr_line' id='line_1_52' title="bbox 111 2154 1745 2210; baseline 0.001 -14.973"><span class='ocrx_word' id='word_1_297' title='bbox 111 2154 203 2196; x_wconf 85' lang='lat' dir='ltr'><strong>eius</strong></span> <span class='ocrx_word' id='word_1_298' title='bbox 225 2158 324 2196; x_wconf 90' lang='lat' dir='ltr'><strong>nota</strong></span> <span class='ocrx_word' id='word_1_299' title='bbox 351 2155 421 2208; x_wconf 86' lang='grc' dir='ltr'><strong>(οὗ</strong></span> <span class='ocrx_word' id='word_1_300' title='bbox 444 2155 570 2197; x_wconf 78' lang='grc' dir='ltr'><strong><em>λείπει</em></strong></span> <span class='ocrx_word' id='word_1_301' title='bbox 595 2156 657 2202; x_wconf 86' lang='grc' dir='ltr'><strong>ὡς</strong></span> <span class='ocrx_word' id='word_1_302' title='bbox 681 2156 816 2210; x_wconf 85' lang='grc' dir='ltr'><strong><em>οἶμαι,</em></strong></span> <span class='ocrx_word' id='word_1_303' title='bbox 845 2159 898 2198; x_wconf 83' lang='lat' dir='ltr'><strong>cf.</strong></span> <span class='ocrx_word' id='word_1_304' title='bbox 922 2159 1034 2198; x_wconf 83' lang='lat' dir='ltr'><strong>infra</strong></span> <span class='ocrx_word' id='word_1_305' title='bbox 1058 2170 1099 2208; x_wconf 89' lang='lat' dir='ltr'><strong>p.</strong></span> <span class='ocrx_word' id='word_1_306' title='bbox 1127 2157 1220 2208; x_wconf 84' lang='lat'>158)</span> <span class='ocrx_word' id='word_1_307' title='bbox 1247 2158 1509 2208; x_wconf 88' lang='lat' dir='ltr'><strong>epigramma</strong></span> <span class='ocrx_word' id='word_1_308' title='bbox 1530 2158 1603 2196; x_wconf 91' lang='lat' dir='ltr'><strong>h.l.</strong></span> <span class='ocrx_word' id='word_1_309' title='bbox 1630 2157 1745 2196; x_wconf 89' lang='lat' dir='ltr'><strong>novit</strong></span> 
     </span>
     <span class='ocr_line' id='line_1_53' title="bbox 111 2220 1740 2274; baseline 0 -14"><span class='ocrx_word' id='word_1_310' title='bbox 111 2220 193 2261; x_wconf 82' lang='lat' dir='ltr'><strong>nisi</strong></span> <span class='ocrx_word' id='word_1_311' title='bbox 233 2221 569 2263; x_wconf 88' lang='lat' dir='ltr'><strong>Anacreonteum</strong></span> <span class='ocrx_word' id='word_1_312' title='bbox 579 2235 590 2272; x_wconf 88' lang='lat'>;</span> <span class='ocrx_word' id='word_1_313' title='bbox 633 2224 776 2273; x_wconf 88' lang='lat' dir='ltr'><strong>itaque</strong></span> <span class='ocrx_word' id='word_1_314' title='bbox 813 2224 849 2263; x_wconf 90' lang='lat' dir='ltr'><strong>si</strong></span> <span class='ocrx_word' id='word_1_315' title='bbox 886 2225 1039 2263; x_wconf 88' lang='lat' dir='ltr'><strong>lacuna</strong></span> <span class='ocrx_word' id='word_1_316' title='bbox 1077 2235 1258 2274; x_wconf 88' lang='lat' dir='ltr'><strong>arguere</strong></span> <span class='ocrx_word' id='word_1_317' title='bbox 1297 2223 1463 2262; x_wconf 88' lang='lat' dir='ltr'><strong>videtur</strong></span> <span class='ocrx_word' id='word_1_318' title='bbox 1501 2223 1609 2261; x_wconf 90' lang='lat' dir='ltr'><strong>inter</strong></span> <span class='ocrx_word' id='word_1_319' title='bbox 1646 2234 1740 2272; x_wconf 92' lang='lat' dir='ltr'><strong>epp.</strong></span> 
     </span>
     <span class='ocr_line' id='line_1_54' title="bbox 62 2279 1743 2339; baseline -0.001 -13"><span class='ocrx_word' id='word_1_320' title='bbox 62 2279 75 2315; x_wconf 65' lang='lat' dir='ltr'><em>ss</em></span> <span class='ocrx_word' id='word_1_321' title='bbox 104 2284 181 2326; x_wconf 80' lang='lat' dir='ltr'><strong>vl.</strong></span> <span class='ocrx_word' id='word_1_322' title='bbox 224 2287 298 2327; x_wconf 87' lang='lat'><strong>143</strong></span> <span class='ocrx_word' id='word_1_323' title='bbox 341 2289 381 2327; x_wconf 87' lang='lat' dir='ltr'><strong>et</strong></span> <span class='ocrx_word' id='word_1_324' title='bbox 419 2288 494 2327; x_wconf 90' lang='lat'>144</span> <span class='ocrx_word' id='word_1_325' title='bbox 531 2289 793 2339; x_wconf 89' lang='lat' dir='ltr'><strong>epigramma</strong></span> <span class='ocrx_word' id='word_1_326' title='bbox 831 2289 1045 2339; x_wconf 90' lang='lat' dir='ltr'><strong>quoddam</strong></span> <span class='ocrx_word' id='word_1_327' title='bbox 1082 2300 1176 2328; x_wconf 88' lang='lat' dir='ltr'><strong>esse</strong></span> <span class='ocrx_word' id='word_1_328' title='bbox 1213 2288 1442 2338; x_wconf 89' lang='lat' dir='ltr'><strong>omissum,</strong></span> <span class='ocrx_word' id='word_1_329' title='bbox 1488 2288 1743 2326; x_wconf 89' lang='lat' dir='ltr'><strong>sumendum</strong></span> 
     </span>
    </p>
   </div>
   <div class='ocr_carea' id='block_1_4' title="bbox 113 2357 322 2365">
    <p class='ocr_par' dir='ltr' id='par_1_7' title="bbox 113 2357 322 2365">
     <span class='ocr_line' id='line_1_55' title="bbox 113 2357 322 2365; baseline 0 1203"><span class='ocrx_word' id='word_1_330' title='bbox 113 2357 322 2365; x_wconf 95' lang='lat' dir='ltr'><strong> </strong></span> 
     </span>
    </p>
   </div>
   <div class='ocr_carea' id='block_1_5' title="bbox 43 2398 1745 3119">
    <p class='ocr_par' dir='ltr' id='par_1_8' title="bbox 43 2398 1745 2558">
     <span class='ocr_line' id='line_1_56' title="bbox 43 2398 1745 2446; baseline -0.002 -12"><span class='ocrx_word' id='word_1_331' title='bbox 43 2432 70 2442; x_wconf 42' lang='grc' dir='ltr'>Π</span> <span class='ocrx_word' id='word_1_332' title='bbox 153 2398 216 2441; x_wconf 69' lang='lat'><strong>1¹²⁵)</strong></span> <span class='ocrx_word' id='word_1_333' title='bbox 260 2401 382 2442; x_wconf 73' lang='lat' dir='ltr'><strong>Beryk</strong></span> <span class='ocrx_word' id='word_1_334' title='bbox 403 2401 498 2435; x_wconf 82' lang='lat' dir='ltr'><strong>PLG.</strong></span> <span class='ocrx_word' id='word_1_335' title='bbox 519 2401 593 2436; x_wconf 80' lang='lat'>111⁴.</span> <span class='ocrx_word' id='word_1_336' title='bbox 613 2402 698 2444; x_wconf 74' lang='lat'><strong>281,</strong></span> <span class='ocrx_word' id='word_1_337' title='bbox 722 2402 792 2435; x_wconf 86' lang='lat' dir='ltr'><strong>Leo</strong></span> <span class='ocrx_word' id='word_1_338' title='bbox 814 2402 957 2444; x_wconf 82' lang='lat' dir='ltr'><strong>Weber,</strong></span> <span class='ocrx_word' id='word_1_339' title='bbox 983 2403 1226 2446; x_wconf 54' lang='lat' dir='ltr'><strong>Anacreonjea</strong></span> <span class='ocrx_word' id='word_1_340' title='bbox 1245 2402 1342 2436; x_wconf 83' lang='lat' dir='ltr'><strong>(diss.</strong></span> <span class='ocrx_word' id='word_1_341' title='bbox 1365 2402 1502 2442; x_wconf 69' lang='lat' dir='ltr'><strong>inaug,</strong></span> <span class='ocrx_word' id='word_1_342' title='bbox 1527 2400 1621 2433; x_wconf 69' lang='lat' dir='ltr'><strong>(iott.</strong></span> <span class='ocrx_word' id='word_1_343' title='bbox 1642 2400 1745 2441; x_wconf 67' lang='lat'>1⁸95)</span> 
     </span>
     <span class='ocr_line' id='line_1_57' title="bbox 58 2449 1744 2507; baseline -0.001 -17"><span class='ocrx_word' id='word_1_344' title='bbox 58 2449 86 2507; x_wconf 19' lang='grc' dir='ltr'><strong>’ᾗ</strong></span> <span class='ocrx_word' id='word_1_345' title='bbox 110 2454 206 2499; x_wconf 64' lang='grc' dir='ltr'><strong>μ35.</strong></span> <span class='ocrx_word' id='word_1_346' title='bbox 230 2473 273 2480; x_wconf 87' lang='grc'>-</span> <span class='ocrx_word' id='word_1_347' title='bbox 299 2457 535 2491; x_wconf 80' lang='lat' dir='ltr'><strong>Wilamowilz</strong></span> <span class='ocrx_word' id='word_1_348' title='bbox 556 2459 621 2492; x_wconf 87' lang='lat' dir='ltr'><strong>hoc</strong></span> <span class='ocrx_word' id='word_1_349' title='bbox 640 2469 693 2500; x_wconf 83' lang='lat' dir='ltr'><strong>ep.</strong></span> <span class='ocrx_word' id='word_1_350' title='bbox 712 2459 884 2502; x_wconf 85' lang='lat' dir='ltr'><strong>neglexit,</strong></span> <span class='ocrx_word' id='word_1_351' title='bbox 902 2469 983 2491; x_wconf 81' lang='lat' dir='ltr'><strong>cum</strong></span> <span class='ocrx_word' id='word_1_352' title='bbox 1004 2469 1032 2501; x_wconf 89' lang='lat' dir='ltr'><strong>p.</strong></span> <span class='ocrx_word' id='word_1_353' title='bbox 1046 2457 1112 2491; x_wconf 80' lang='lat'><strong>318</strong></span> <span class='ocrx_word' id='word_1_354' title='bbox 1129 2459 1172 2491; x_wconf 90' lang='lat' dir='ltr'><strong>dc</strong></span> <span class='ocrx_word' id='word_1_355' title='bbox 1188 2458 1389 2491; x_wconf 80' lang='lat' dir='ltr'><strong>Simonidea</strong></span> <span class='ocrx_word' id='word_1_356' title='bbox 1406 2457 1495 2489; x_wconf 77' lang='lat' dir='ltr'><strong>serie</strong></span> <span class='ocrx_word' id='word_1_357' title='bbox 1511 2457 1563 2488; x_wconf 88' lang='lat' dir='ltr'><strong>Vl.</strong></span> <span class='ocrx_word' id='word_1_358' title='bbox 1578 2455 1643 2488; x_wconf 74' lang='lat'><strong>212</strong></span> <span class='ocrx_word' id='word_1_359' title='bbox 1657 2467 1744 2499; x_wconf 66' lang='lat' dir='ltr'><strong>sqq,</strong></span> 
     </span>
     <span class='ocr_line' id='line_1_58' title="bbox 108 2510 1605 2557; baseline 0 -13"><span class='ocrx_word' id='word_1_360' title='bbox 108 2510 146 2545; x_wconf 75' lang='lat' dir='ltr'><strong>in</strong></span> <span class='ocrx_word' id='word_1_361' title='bbox 169 2522 240 2555; x_wconf 83' lang='lat' dir='ltr'><strong>qua</strong></span> <span class='ocrx_word' id='word_1_362' title='bbox 260 2514 479 2556; x_wconf 81' lang='lat' dir='ltr'><strong>epigramma</strong></span> <span class='ocrx_word' id='word_1_363' title='bbox 505 2518 625 2557; x_wconf 85' lang='lat' dir='ltr'><strong>utpote</strong></span> <span class='ocrx_word' id='word_1_364' title='bbox 649 2516 719 2548; x_wconf 83' lang='lat' dir='ltr'><strong>iam</strong></span> <span class='ocrx_word' id='word_1_365' title='bbox 746 2515 799 2548; x_wconf 85' lang='lat' dir='ltr'><strong>VI.</strong></span> <span class='ocrx_word' id='word_1_366' title='bbox 824 2515 890 2548; x_wconf 74' lang='lat'><strong>144</strong></span> <span class='ocrx_word' id='word_1_367' title='bbox 913 2515 1111 2548; x_wconf 81' lang='lat' dir='ltr'><strong>exhibitum</strong></span> <span class='ocrx_word' id='word_1_368' title='bbox 1136 2514 1253 2547; x_wconf 85' lang='lat' dir='ltr'><strong>omitti</strong></span> <span class='ocrx_word' id='word_1_369' title='bbox 1278 2515 1384 2555; x_wconf 84' lang='lat' dir='ltr'><strong>solet,</strong></span> <span class='ocrx_word' id='word_1_370' title='bbox 1408 2513 1605 2545; x_wconf 75' lang='lat' dir='ltr'><strong>dissereret.</strong></span> 
     </span>
    </p>

    <p class='ocr_par' dir='ltr' id='par_1_9' title="bbox 54 2562 1743 3124">
     <span class='ocr_line' id='line_1_59' title="bbox 152 2566 1743 2615; baseline -0.002 -12.162"><span class='ocrx_word' id='word_1_371' title='bbox 152 2566 215 2608; x_wconf 79' lang='lat'>¹1⁹)</span> <span class='ocrx_word' id='word_1_372' title='bbox 261 2569 436 2604; x_wconf 80' lang='lat' dir='ltr'><strong>Hauveue</strong></span> <span class='ocrx_word' id='word_1_373' title='bbox 467 2581 497 2613; x_wconf 88' lang='lat' dir='ltr'><strong>p.</strong></span> <span class='ocrx_word' id='word_1_374' title='bbox 522 2570 606 2614; x_wconf 85' lang='lat'><strong>133,</strong></span> <span class='ocrx_word' id='word_1_375' title='bbox 639 2581 860 2615; x_wconf 83' lang='lat' dir='ltr'><strong>quamquam</strong></span> <span class='ocrx_word' id='word_1_376' title='bbox 893 2572 925 2605; x_wconf 89' lang='lat' dir='ltr'><strong>ei</strong></span> <span class='ocrx_word' id='word_1_377' title='bbox 956 2571 1043 2604; x_wconf 77' lang='lat' dir='ltr'><strong>adeo</strong></span> <span class='ocrx_word' id='word_1_378' title='bbox 1074 2570 1319 2604; x_wconf 77' lang='lat' dir='ltr'><strong>Stadtniiillcri</strong></span> <span class='ocrx_word' id='word_1_379' title='bbox 1350 2570 1457 2602; x_wconf 77' lang='lat' dir='ltr'><strong>editio</strong></span> <span class='ocrx_word' id='word_1_380' title='bbox 1491 2573 1626 2611; x_wconf 70' lang='lat' dir='ltr'><strong>praesto</strong></span> <span class='ocrx_word' id='word_1_381' title='bbox 1650 2574 1743 2610; x_wconf 75' lang='lat' dir='ltr'><strong>erut,</strong></span> 
     </span>
     <span class='ocr_line' id='line_1_60' title="bbox 63 2625 1743 2672; baseline -0.001 -13"><span class='ocrx_word' id='word_1_382' title='bbox 63 2625 270 2666; x_wconf 35' lang='lat' dir='ltr'><strong>‚sthennium</strong></span> <span class='ocrx_word' id='word_1_383' title='bbox 302 2637 346 2660; x_wconf 82' lang='lat' dir='ltr'><strong>ne</strong></span> <span class='ocrx_word' id='word_1_384' title='bbox 378 2628 514 2661; x_wconf 85' lang='lat' dir='ltr'><strong>novisse</strong></span> <span class='ocrx_word' id='word_1_385' title='bbox 545 2628 688 2670; x_wconf 87' lang='lat' dir='ltr'><strong>quidem</strong></span> <span class='ocrx_word' id='word_1_386' title='bbox 722 2628 862 2661; x_wconf 81' lang='lat' dir='ltr'><strong>videtur</strong></span> <span class='ocrx_word' id='word_1_387' title='bbox 887 2638 1002 2672; x_wconf 84' lang='lat' dir='ltr'><strong>neque</strong></span> <span class='ocrx_word' id='word_1_388' title='bbox 1027 2627 1123 2660; x_wconf 85' lang='lat' dir='ltr'><strong>tituli</strong></span> <span class='ocrx_word' id='word_1_389' title='bbox 1150 2627 1380 2659; x_wconf 80' lang='lat' dir='ltr'><strong>Anacreontei</strong></span> <span class='ocrx_word' id='word_1_390' title='bbox 1406 2626 1610 2668; x_wconf 77' lang='lat' dir='ltr'><strong>ceteroquin</strong></span> <span class='ocrx_word' id='word_1_391' title='bbox 1637 2626 1743 2657; x_wconf 80' lang='lat' dir='ltr'><strong>ratio·</strong></span> 
     </span>
     <span class='ocr_line' id='line_1_61' title="bbox 109 2677 1742 2726; baseline -0.001 -11.059"><span class='ocrx_word' id='word_1_392' title='bbox 59 2678 190 2719; x_wconf 63' lang='grc' dir='ltr'>’ᾆξ’ΜΙη</span> <span class='ocrx_word' id='word_1_393' title='bbox 225 2682 360 2716; x_wconf 78' lang='lat' dir='ltr'><strong>habuit.</strong></span> <span class='ocrx_word' id='word_1_394' title='bbox 400 2684 535 2717; x_wconf 81' lang='lat' dir='ltr'><strong>lterum</strong></span> <span class='ocrx_word' id='word_1_395' title='bbox 558 2695 640 2718; x_wconf 90' lang='lat' dir='ltr'><strong>cum</strong></span> <span class='ocrx_word' id='word_1_396' title='bbox 665 2684 708 2718; x_wconf 86' lang='lat' dir='ltr'><strong>de</strong></span> <span class='ocrx_word' id='word_1_397' title='bbox 732 2685 797 2717; x_wconf 89' lang='lat' dir='ltr'><strong>hoc</strong></span> <span class='ocrx_word' id='word_1_398' title='bbox 820 2685 1074 2726; x_wconf 80' lang='lat' dir='ltr'><strong>epigrammate</strong></span> <span class='ocrx_word' id='word_1_399' title='bbox 1098 2684 1295 2725; x_wconf 83' lang='lat' dir='ltr'><strong>disputaret</strong></span> <span class='ocrx_word' id='word_1_400' title='bbox 1319 2677 1430 2715; x_wconf 67' lang='lat' dir='ltr'><strong>*Bau</strong></span> <span class='ocrx_word' id='word_1_401' title='bbox 1454 2683 1497 2715; x_wconf 80' lang='lat' dir='ltr'><strong>de</strong></span> <span class='ocrx_word' id='word_1_402' title='bbox 1522 2684 1556 2714; x_wconf 79' lang='lat' dir='ltr'><strong>la</strong></span> <span class='ocrx_word' id='word_1_403' title='bbox 1579 2693 1645 2714; x_wconf 73' lang='lat' dir='ltr'><strong>soc.</strong></span> <span class='ocrx_word' id='word_1_404' title='bbox 1672 2685 1742 2714; x_wconf 79' lang='lat' dir='ltr'><strong>nat.</strong></span> 
     </span>
     <span class='ocr_line' id='line_1_62' title="bbox 109 2735 1741 2781; baseline -0.001 -11.033"><span class='ocrx_word' id='word_1_405' title='bbox 109 2735 170 2770; x_wconf 79' lang='lat' dir='ltr'><strong>des</strong></span> <span class='ocrx_word' id='word_1_406' title='bbox 205 2738 424 2781; x_wconf 78' lang='lat' dir='ltr'><strong>antiquaires</strong></span> <span class='ocrx_word' id='word_1_407' title='bbox 457 2739 500 2773; x_wconf 88' lang='lat' dir='ltr'><strong>de</strong></span> <span class='ocrx_word' id='word_1_408' title='bbox 534 2740 568 2773; x_wconf 85' lang='lat' dir='ltr'><strong>la</strong></span> <span class='ocrx_word' id='word_1_409' title='bbox 603 2740 734 2773; x_wconf 81' lang='lat' dir='ltr'><strong>France</strong></span> <span class='ocrx_word' id='word_1_410' title='bbox 769 2739 857 2773; x_wconf 76' lang='lat'>1900</span> <span class='ocrx_word' id='word_1_411' title='bbox 895 2741 975 2773; x_wconf 68' lang='lat' dir='ltr'><strong>fasc.</strong></span> <span class='ocrx_word' id='word_1_412' title='bbox 1011 2739 1027 2772; x_wconf 91' lang='grc'>1</span> <span class='ocrx_word' id='word_1_413' title='bbox 1067 2740 1151 2773; x_wconf 80' lang='lat' dir='ltr'><strong>satis</strong></span> <span class='ocrx_word' id='word_1_414' title='bbox 1187 2739 1350 2771; x_wconf 74' lang='lat' dir='ltr'><strong>habuisse</strong></span> <span class='ocrx_word' id='word_1_415' title='bbox 1388 2739 1527 2771; x_wconf 82' lang='lat' dir='ltr'><strong>videtur</strong></span> <span class='ocrx_word' id='word_1_416' title='bbox 1563 2738 1741 2771; x_wconf 81' lang='lat' dir='ltr'><strong>willielmi</strong></span> 
     </span>
     <span class='ocr_line' id='line_1_63' title="bbox 57 2791 1737 2841; baseline 0 -15"><span class='ocrx_word' id='word_1_417' title='bbox 57 2791 332 2841; x_wconf 45' lang='grc' dir='ltr'><strong>’ζιετίρῑίοηειη</strong></span> <span class='ocrx_word' id='word_1_418' title='bbox 367 2795 506 2830; x_wconf 78' lang='lat' dir='ltr'><strong>referre.</strong></span> <span class='ocrx_word' id='word_1_419' title='bbox 541 2796 692 2830; x_wconf 86' lang='lat' dir='ltr'><strong>Summa</strong></span> <span class='ocrx_word' id='word_1_420' title='bbox 725 2797 820 2829; x_wconf 88' lang='lat' dir='ltr'><strong>enim</strong></span> <span class='ocrx_word' id='word_1_421' title='bbox 856 2797 933 2829; x_wconf 88' lang='lat' dir='ltr'><strong>eius</strong></span> <span class='ocrx_word' id='word_1_422' title='bbox 968 2796 1218 2838; x_wconf 79' lang='lat' dir='ltr'><strong>disputationis</strong></span> <span class='ocrx_word' id='word_1_423' title='bbox 1252 2796 1332 2828; x_wconf 80' lang='lat' dir='ltr'><strong>Rev.</strong></span> <span class='ocrx_word' id='word_1_424' title='bbox 1365 2795 1407 2827; x_wconf 74' lang='grc' dir='ltr'><strong>ιΙο</strong></span> <span class='ocrx_word' id='word_1_425' title='bbox 1442 2795 1527 2827; x_wconf 75' lang='lat' dir='ltr'><strong>Phil.</strong></span> <span class='ocrx_word' id='word_1_426' title='bbox 1561 2794 1621 2834; x_wconf 66' lang='lat'><strong>25,</strong></span> <span class='ocrx_word' id='word_1_427' title='bbox 1655 2793 1737 2826; x_wconf 66' lang='lat'>19⁰1</span> 
     </span>
     <span class='ocr_line' id='line_1_64' title="bbox 58 2846 1740 2898; baseline -0.001 -16"><span class='ocrx_word' id='word_1_428' title='bbox 58 2853 142 2895; x_wconf 20' lang='grc' dir='ltr'><strong>Βζχρ.</strong></span> <span class='ocrx_word' id='word_1_429' title='bbox 174 2848 296 2892; x_wconf 75' lang='lat'>167‚25</span> <span class='ocrx_word' id='word_1_430' title='bbox 331 2851 416 2885; x_wconf 79' lang='lat' dir='ltr'><strong>haec</strong></span> <span class='ocrx_word' id='word_1_431' title='bbox 449 2863 525 2886; x_wconf 84' lang='lat' dir='ltr'><strong>esse</strong></span> <span class='ocrx_word' id='word_1_432' title='bbox 561 2852 787 2895; x_wconf 85' lang='lat' dir='ltr'><strong>perhibetur:</strong></span> <span class='ocrx_word' id='word_1_433' title='bbox 823 2850 963 2895; x_wconf 88' lang='lat' dir='ltr'><strong>‘prouvc</strong></span> <span class='ocrx_word' id='word_1_434' title='bbox 998 2852 1098 2884; x_wconf 83' lang='lat' dir='ltr'><strong>sinon</strong></span> <span class='ocrx_word' id='word_1_435' title='bbox 1136 2850 1395 2884; x_wconf 64' lang='lat' dir='ltr'><strong>l&#39;autlieuticiti&#39;e</strong></span> <span class='ocrx_word' id='word_1_436' title='bbox 1431 2851 1472 2882; x_wconf 68' lang='lat' dir='ltr'><strong>«lc</strong></span> <span class='ocrx_word' id='word_1_437' title='bbox 1509 2850 1740 2882; x_wconf 76' lang='lat' dir='ltr'><strong>l&#39;uttrilmtion</strong></span> 
     </span>
     <span class='ocr_line' id='line_1_65' title="bbox 59 2898 1740 2951; baseline -0.002 -11"><span class='ocrx_word' id='word_1_438' title='bbox 59 2898 85 2951; x_wconf 41' lang='lat'><strong>„³</strong></span> <span class='ocrx_word' id='word_1_439' title='bbox 110 2901 170 2947; x_wconf 69' lang='grc' dir='ltr'><strong>(κ.</strong></span> <span class='ocrx_word' id='word_1_440' title='bbox 200 2906 464 2950; x_wconf 76' lang='lat' dir='ltr'><strong>epigrammatis</strong></span> <span class='ocrx_word' id='word_1_441' title='bbox 492 2909 692 2951; x_wconf 82' lang='lat' dir='ltr'><strong>Simonidi)</strong></span> <span class='ocrx_word' id='word_1_442' title='bbox 722 2920 768 2942; x_wconf 78' lang='lat' dir='ltr'><strong>au</strong></span> <span class='ocrx_word' id='word_1_443' title='bbox 803 2910 917 2942; x_wconf 80' lang='lat' dir='ltr'><strong>moins</strong></span> <span class='ocrx_word' id='word_1_444' title='bbox 947 2908 1148 2950; x_wconf 69' lang='lat' dir='ltr'><strong>l&#39;autiquitc</strong></span> <span class='ocrx_word' id='word_1_445' title='bbox 1179 2909 1221 2939; x_wconf 83' lang='lat' dir='ltr'><strong>dc</strong></span> <span class='ocrx_word' id='word_1_446' title='bbox 1255 2907 1494 2949; x_wconf 63' lang='lat' dir='ltr'><strong>l&#39;i‘epigrmnme</strong></span> <span class='ocrx_word' id='word_1_447' title='bbox 1526 2907 1681 2948; x_wconf 80' lang='lat' dir='ltr'><strong>quoique</strong></span> <span class='ocrx_word' id='word_1_448' title='bbox 1710 2906 1740 2937; x_wconf 82' lang='lat' dir='ltr'><strong>le</strong></span> 
     </span>
     <span class='ocr_line' id='line_1_66' title="bbox 66 2957 1741 3008; baseline -0.001 -14.005"><span class='ocrx_word' id='word_1_449' title='bbox 66 2977 70 2985; x_wconf 54' lang='lat' dir='ltr'>v</span> <span class='ocrx_word' id='word_1_450' title='bbox 107 2957 144 2994; x_wconf 60' lang='grc' dir='ltr'><strong>θ’</strong></span> <span class='ocrx_word' id='word_1_451' title='bbox 164 2961 318 3005; x_wconf 78' lang='lat' dir='ltr'><strong>distique</strong></span> <span class='ocrx_word' id='word_1_452' title='bbox 340 2964 383 2996; x_wconf 91' lang='lat' dir='ltr'><strong>de</strong></span> <span class='ocrx_word' id='word_1_453' title='bbox 407 2964 642 3007; x_wconf 79' lang='lat' dir='ltr'><strong>l&#39;Antliologie</strong></span> <span class='ocrx_word' id='word_1_454' title='bbox 667 2966 819 3008; x_wconf 76' lang='lat' dir='ltr'><strong>paraisse</strong></span> <span class='ocrx_word' id='word_1_455' title='bbox 843 2966 927 2998; x_wconf 84' lang='lat' dir='ltr'><strong>d&#39;un</strong></span> <span class='ocrx_word' id='word_1_456' title='bbox 954 2965 1230 3006; x_wconf 79' lang='lat' dir='ltr'><strong>interpolateur&#39;.</strong></span> <span class='ocrx_word' id='word_1_457' title='bbox 1255 2981 1296 2986; x_wconf 88' lang='lat'><strong>—-</strong></span> <span class='ocrx_word' id='word_1_458' title='bbox 1324 2963 1521 3005; x_wconf 67' lang='lat' dir='ltr'><strong>Antequam</strong></span> <span class='ocrx_word' id='word_1_459' title='bbox 1536 2962 1741 2994; x_wconf 64' lang='lat' dir='ltr'><strong>simonides</strong></span> 
     </span>
     <span class='ocr_line' id='line_1_67' title="bbox 64 3014 1740 3063; baseline 0.001 -14"><span class='ocrx_word' id='word_1_460' title='bbox 64 3030 77 3058; x_wconf 67' lang='lat' dir='ltr'><strong>j„</strong></span> <span class='ocrx_word' id='word_1_461' title='bbox 108 3014 257 3051; x_wconf 72' lang='lat' dir='ltr'><strong>Athenis</strong></span> <span class='ocrx_word' id='word_1_462' title='bbox 279 3019 315 3052; x_wconf 91' lang='lat' dir='ltr'><strong>in</strong></span> <span class='ocrx_word' id='word_1_463' title='bbox 338 3019 492 3054; x_wconf 81' lang='lat' dir='ltr'><strong>Siciliam</strong></span> <span class='ocrx_word' id='word_1_464' title='bbox 517 3020 644 3054; x_wconf 75' lang='lat' dir='ltr'><strong>abierit</strong></span> <span class='ocrx_word' id='word_1_465' title='bbox 667 3021 711 3062; x_wconf 90' lang='lat' dir='ltr'><strong>(c.</strong></span> <span class='ocrx_word' id='word_1_466' title='bbox 735 3031 766 3054; x_wconf 78' lang='lat' dir='ltr'><strong>a.</strong></span> <span class='ocrx_word' id='word_1_467' title='bbox 791 3021 872 3062; x_wconf 77' lang='lat'>476)</span> <span class='ocrx_word' id='word_1_468' title='bbox 896 3031 948 3063; x_wconf 87' lang='lat' dir='ltr'><strong>ep.</strong></span> <span class='ocrx_word' id='word_1_469' title='bbox 973 3021 1153 3053; x_wconf 83' lang='lat' dir='ltr'><strong>conditum</strong></span> <span class='ocrx_word' id='word_1_470' title='bbox 1177 3031 1253 3053; x_wconf 73' lang='lat' dir='ltr'><strong>csse</strong></span> <span class='ocrx_word' id='word_1_471' title='bbox 1277 3020 1402 3052; x_wconf 82' lang='lat' dir='ltr'><strong>debere</strong></span> <span class='ocrx_word' id='word_1_472' title='bbox 1426 3023 1545 3052; x_wconf 59' lang='lat' dir='ltr'><strong>censet</strong></span> <span class='ocrx_word' id='word_1_473' title='bbox 1563 3019 1740 3051; x_wconf 68' lang='lat' dir='ltr'><strong>Hit-chner</strong></span> 
     </span>
     <span class='ocr_line' id='line_1_68' title="bbox 108 3070 697 3119; baseline 0.008 -12.602"><span class='ocrx_word' id='word_1_474' title='bbox 108 3070 244 3116; x_wconf 78' lang='lat' dir='ltr'><strong>Prosop.</strong></span> <span class='ocrx_word' id='word_1_475' title='bbox 267 3074 340 3109; x_wconf 65' lang='lat' dir='ltr'><strong>Ait,</strong></span> <span class='ocrx_word' id='word_1_476' title='bbox 363 3076 394 3110; x_wconf 91' lang='lat'>11</span> <span class='ocrx_word' id='word_1_477' title='bbox 419 3086 451 3119; x_wconf 87' lang='lat' dir='ltr'><strong>p.</strong></span> <span class='ocrx_word' id='word_1_478' title='bbox 475 3076 518 3110; x_wconf 74' lang='lat'>12</span> <span class='ocrx_word' id='word_1_479' title='bbox 542 3088 575 3110; x_wconf 89' lang='lat' dir='ltr'><strong>n.</strong></span> <span class='ocrx_word' id='word_1_480' title='bbox 598 3076 697 3111; x_wconf 78' lang='lat'><strong>9084.</strong></span> 
     </span>
    </p>
   </div>
  </div>
 </body>
</html>
