<?xml version="1.0" encoding="UTF-8"?>
<!DOCTYPE html PUBLIC "-//W3C//DTD XHTML 1.0 Transitional//EN"
    "http://www.w3.org/TR/xhtml1/DTD/xhtml1-transitional.dtd">
<html xmlns="http://www.w3.org/1999/xhtml" xml:lang="en" lang="en">
 <head>
  <title>
</title>
<meta http-equiv="Content-Type" content="text/html;charset=utf-8" />
  <meta name='ocr-system' content='tesseract 3.04.00' />
  <meta name='ocr-capabilities' content='ocr_page ocr_carea ocr_par ocr_line ocrx_word'/>
</head>
<body>
  <div class='ocr_page' id='page_1' title='image "./deepigrammatasim00boasuoft_0080.png"; bbox 0 0 2072 3568; ppageno 0'>
   <div class='ocr_carea' id='block_1_1' title="bbox 2007 0 2072 69">
    <p class='ocr_par' dir='ltr' id='par_1_1' title="bbox 2007 0 2072 69">
     <span class='ocr_line' id='line_1_1' title="bbox 2007 0 2072 69; baseline 0 3499"><span class='ocrx_word' id='word_1_1' title='bbox 2007 0 2072 69; x_wconf 95' lang='lat' dir='ltr'> </span> 
     </span>
    </p>
   </div>
   <div class='ocr_carea' id='block_1_2' title="bbox 365 214 1208 264">
    <p class='ocr_par' dir='ltr' id='par_1_2' title="bbox 365 214 1208 264">
     <span class='ocr_line' id='line_1_2' title="bbox 365 214 1208 264; baseline 0.004 -14"><span class='ocrx_word' id='word_1_2' title='bbox 365 214 464 264; x_wconf 70' lang='lat' dir='ltr'>Cap.</span> <span class='ocrx_word' id='word_1_3' title='bbox 500 214 555 253; x_wconf 85' lang='lat'>11.</span> <span class='ocrx_word' id='word_1_4' title='bbox 1156 215 1208 253; x_wconf 64' lang='grc' dir='ltr'>ὅθ</span> 
     </span>
    </p>
   </div>
   <div class='ocr_carea' id='block_1_3' title="bbox 359 337 2003 1178">
    <p class='ocr_par' dir='ltr' id='par_1_3' title="bbox 362 337 2003 523">
     <span class='ocr_line' id='line_1_3' title="bbox 364 337 2003 393; baseline 0.005 -17"><span class='ocrx_word' id='word_1_5' title='bbox 364 337 492 391; x_wconf 71' lang='grc' dir='ltr'><em>δῆλον</em></span> <span class='ocrx_word' id='word_1_6' title='bbox 535 337 635 390; x_wconf 79' lang='grc' dir='ltr'>γάρ,</span> <span class='ocrx_word' id='word_1_7' title='bbox 678 338 737 378; x_wconf 73' lang='grc' dir='ltr'>ὅτι</span> <span class='ocrx_word' id='word_1_8' title='bbox 778 337 887 391; x_wconf 79' lang='grc' dir='ltr'><em>πρὸς</em></span> <span class='ocrx_word' id='word_1_9' title='bbox 929 337 1000 384; x_wconf 75' lang='grc' dir='ltr'>τὰς</span> <span class='ocrx_word' id='word_1_10' title='bbox 1042 339 1207 391; x_wconf 67' lang='grc' dir='ltr'>ἑταίρης</span> <span class='ocrx_word' id='word_1_11' title='bbox 1248 338 1544 391; x_wconf 69' lang='grc' dir='ltr'>ὸιαλεγόμενικ</span> <span class='ocrx_word' id='word_1_12' title='bbox 1587 338 1768 393; x_wconf 72' lang='grc' dir='ltr'>ἠγωνία,</span> <span class='ocrx_word' id='word_1_13' title='bbox 1806 339 1932 384; x_wconf 72' lang='grc' dir='ltr'><em>ποῖόν</em></span> <span class='ocrx_word' id='word_1_14' title='bbox 1966 355 2003 384; x_wconf 79' lang='grc' dir='ltr'><strong><em>η</em></strong></span> 
     </span>
     <span class='ocr_line' id='line_1_4' title="bbox 362 402 2001 457; baseline 0.003 -17"><span class='ocrx_word' id='word_1_15' title='bbox 362 403 589 456; x_wconf 66' lang='grc' dir='ltr'>σ]·σιι’ήσεται</span> <span class='ocrx_word' id='word_1_16' title='bbox 631 406 714 449; x_wconf 85' lang='grc' dir='ltr'>τοῖς</span> <span class='ocrx_word' id='word_1_17' title='bbox 759 402 1000 457; x_wconf 69' lang='grc' dir='ltr'><strong><em>Κορινθίοις</em></strong></span> <span class='ocrx_word' id='word_1_18' title='bbox 1042 404 1087 444; x_wconf 72' lang='grc' dir='ltr'>τὸ</span> <span class='ocrx_word' id='word_1_19' title='bbox 1128 406 1317 457; x_wconf 75' lang='grc' dir='ltr'><em>πρᾶγμα.</em></span> <span class='ocrx_word' id='word_1_20' title='bbox 1373 404 1583 445; x_wconf 68' lang='grc' dir='ltr'>πιστεύων</span> <span class='ocrx_word' id='word_1_21' title='bbox 1624 403 1696 453; x_wconf 73' lang='grc' dir='ltr'>δέ,</span> <span class='ocrx_word' id='word_1_22' title='bbox 1742 403 1807 452; x_wconf 78' lang='grc' dir='ltr'>ὥς</span> <span class='ocrx_word' id='word_1_23' title='bbox 1843 405 2001 455; x_wconf 63' lang='grc' dir='ltr'>ἔοικεν,</span> 
     </span>
     <span class='ocr_line' id='line_1_5' title="bbox 362 468 1386 523; baseline 0.001 -14"><span class='ocrx_word' id='word_1_24' title='bbox 362 468 487 514; x_wconf 72' lang='grc' dir='ltr'><strong><em>αὐτὸς</em></strong></span> <span class='ocrx_word' id='word_1_25' title='bbox 515 469 632 522; x_wconf 75' lang='grc' dir='ltr'>(ιῦτῴ</span> <span class='ocrx_word' id='word_1_26' title='bbox 659 469 887 523; x_wconf 75' lang='grc' dir='ltr'><strong><em>πεποίηκεν</em></strong></span> <span class='ocrx_word' id='word_1_27' title='bbox 915 469 1080 515; x_wconf 66' lang='grc' dir='ltr'><em>εὐθέως</em></span> <span class='ocrx_word' id='word_1_28' title='bbox 1115 470 1189 521; x_wconf 83' lang='lat' dir='ltr'>(ib.</span> <span class='ocrx_word' id='word_1_29' title='bbox 1225 483 1264 511; x_wconf 89' lang='lat' dir='ltr'>v.</span> <span class='ocrx_word' id='word_1_30' title='bbox 1300 470 1386 521; x_wconf 78' lang='lat'>13)-</span> 
     </span>
    </p>

    <p class='ocr_par' dir='ltr' id='par_1_4' title="bbox 359 533 2003 1178">
     <span class='ocr_line' id='line_1_6' title="bbox 572 533 1413 589; baseline 0.002 -16"><span class='ocrx_word' id='word_1_31' title='bbox 572 533 801 587; x_wconf 74' lang='grc' dir='ltr'><em>διδάξαμεν</em></span> <span class='ocrx_word' id='word_1_32' title='bbox 829 533 989 589; x_wconf 80' lang='grc' dir='ltr'><em>χρυσὸν</em></span> <span class='ocrx_word' id='word_1_33' title='bbox 1018 534 1196 588; x_wconf 75' lang='grc' dir='ltr'><strong><em>καθαρᾷ</em></strong></span> <span class='ocrx_word' id='word_1_34' title='bbox 1222 534 1413 588; x_wconf 77' lang='grc' dir='ltr'>βασάνῳ.</span> 
     </span>
     <span class='ocr_line' id='line_1_7' title="bbox 364 601 2000 655; baseline 0.003 -15"><span class='ocrx_word' id='word_1_35' title='bbox 364 602 513 651; x_wconf 81' lang='lat' dir='ltr'>Itaque</span> <span class='ocrx_word' id='word_1_36' title='bbox 549 602 635 640; x_wconf 89' lang='lat' dir='ltr'>acri</span> <span class='ocrx_word' id='word_1_37' title='bbox 672 602 869 641; x_wconf 79' lang='lat' dir='ltr'><strong>acumine</strong></span> <span class='ocrx_word' id='word_1_38' title='bbox 905 602 1106 641; x_wconf 81' lang='lat' dir='ltr'>intellexit</span> <span class='ocrx_word' id='word_1_39' title='bbox 1146 601 1211 640; x_wconf 87' lang='lat' dir='ltr'>vir</span> <span class='ocrx_word' id='word_1_40' title='bbox 1245 612 1443 641; x_wconf 84' lang='lat' dir='ltr'>summus</span> <span class='ocrx_word' id='word_1_41' title='bbox 1471 601 2000 655; x_wconf 82' lang='lat' dir='ltr'>Chamaeleontem,&#39;cum</span> 
     </span>
     <span class='ocr_line' id='line_1_8' title="bbox 361 666 2003 718; baseline 0.002 -12"><span class='ocrx_word' id='word_1_42' title='bbox 361 667 597 717; x_wconf 86' lang='lat' dir='ltr'>disputaret</span> <span class='ocrx_word' id='word_1_43' title='bbox 634 666 687 706; x_wconf 87' lang='lat' dir='ltr'>de</span> <span class='ocrx_word' id='word_1_44' title='bbox 717 667 995 717; x_wconf 84' lang='lat' dir='ltr'>Xenophonte</span> <span class='ocrx_word' id='word_1_45' title='bbox 1022 667 1243 707; x_wconf 89' lang='lat' dir='ltr'>Corinthio</span> <span class='ocrx_word' id='word_1_46' title='bbox 1272 667 1411 718; x_wconf 90' lang='lat' dir='ltr'>deque</span> <span class='ocrx_word' id='word_1_47' title='bbox 1438 667 1733 708; x_wconf 72' lang='lat' dir='ltr'><strong>meretricibus</strong></span> <span class='ocrx_word' id='word_1_48' title='bbox 1760 679 1786 709; x_wconf 79' lang='lat' dir='ltr'>a</span> <span class='ocrx_word' id='word_1_49' title='bbox 1812 667 2003 710; x_wconf 74' lang='lat' dir='ltr'>Pindaro</span> 
     </span>
     <span class='ocr_line' id='line_1_9' title="bbox 361 732 2001 785; baseline 0.003 -15"><span class='ocrx_word' id='word_1_50' title='bbox 361 732 601 782; x_wconf 81' lang='lat' dir='ltr'>celebratis,</span> <span class='ocrx_word' id='word_1_51' title='bbox 648 743 758 782; x_wconf 84' lang='lat' dir='ltr'>quas</span> <span class='ocrx_word' id='word_1_52' title='bbox 796 733 945 772; x_wconf 86' lang='lat' dir='ltr'>Veneri</span> <span class='ocrx_word' id='word_1_53' title='bbox 986 733 1196 784; x_wconf 80' lang='lat' dir='ltr'>pollicitus</span> <span class='ocrx_word' id='word_1_54' title='bbox 1233 736 1368 782; x_wconf 84' lang='lat' dir='ltr'>esset,</span> <span class='ocrx_word' id='word_1_55' title='bbox 1415 733 1451 772; x_wconf 89' lang='lat' dir='ltr'>si</span> <span class='ocrx_word' id='word_1_56' title='bbox 1490 733 1576 773; x_wconf 86' lang='lat' dir='ltr'>voti</span> <span class='ocrx_word' id='word_1_57' title='bbox 1613 744 1788 785; x_wconf 78' lang='lat' dir='ltr'>compos</span> <span class='ocrx_word' id='word_1_58' title='bbox 1824 733 2001 775; x_wconf 72' lang='lat' dir='ltr'>victorin</span> 
     </span>
     <span class='ocr_line' id='line_1_10' title="bbox 360 798 2000 850; baseline 0.003 -15"><span class='ocrx_word' id='word_1_59' title='bbox 360 798 582 847; x_wconf 83' lang='lat' dir='ltr'>Olympiae</span> <span class='ocrx_word' id='word_1_60' title='bbox 619 800 831 848; x_wconf 85' lang='lat' dir='ltr'>reportata</span> <span class='ocrx_word' id='word_1_61' title='bbox 869 798 912 838; x_wconf 89' lang='lat' dir='ltr'>in</span> <span class='ocrx_word' id='word_1_62' title='bbox 951 800 1132 849; x_wconf 87' lang='lat' dir='ltr'>patriam</span> <span class='ocrx_word' id='word_1_63' title='bbox 1172 799 1354 850; x_wconf 87' lang='lat' dir='ltr'>rediret,</span> <span class='ocrx_word' id='word_1_64' title='bbox 1396 799 1665 839; x_wconf 88' lang='lat' dir='ltr'>recordatum</span> <span class='ocrx_word' id='word_1_65' title='bbox 1691 810 1788 840; x_wconf 75' lang='lat' dir='ltr'>esse</span> <span class='ocrx_word' id='word_1_66' title='bbox 1811 810 1865 840; x_wconf 83' lang='lat' dir='ltr'>ex</span> <span class='ocrx_word' id='word_1_67' title='bbox 1892 798 2000 840; x_wconf 79' lang='lat' dir='ltr'>anti·</span> 
     </span>
     <span class='ocr_line' id='line_1_11' title="bbox 360 863 2003 915; baseline 0.002 -13"><span class='ocrx_word' id='word_1_68' title='bbox 360 863 508 912; x_wconf 84' lang='lat' dir='ltr'>quiore</span> <span class='ocrx_word' id='word_1_69' title='bbox 536 866 671 903; x_wconf 87' lang='lat' dir='ltr'>aetate</span> <span class='ocrx_word' id='word_1_70' title='bbox 695 864 950 903; x_wconf 80' lang='lat' dir='ltr'>sacrificium</span> <span class='ocrx_word' id='word_1_71' title='bbox 977 865 1268 915; x_wconf 89' lang='lat' dir='ltr'>Corinthium,</span> <span class='ocrx_word' id='word_1_72' title='bbox 1301 866 1368 904; x_wconf 90' lang='lat' dir='ltr'>cui</span> <span class='ocrx_word' id='word_1_73' title='bbox 1393 876 1528 915; x_wconf 87' lang='lat' dir='ltr'>aeque</span> <span class='ocrx_word' id='word_1_74' title='bbox 1550 865 1779 905; x_wconf 71' lang='lat' dir='ltr'>affuissent</span> <span class='ocrx_word' id='word_1_75' title='bbox 1801 863 2003 905; x_wconf 60' lang='lat' dir='ltr'>muliera</span> 
     </span>
     <span class='ocr_line' id='line_1_12' title="bbox 359 928 1996 981; baseline 0.003 -14"><span class='ocrx_word' id='word_1_76' title='bbox 359 931 487 977; x_wconf 83' lang='lat' dir='ltr'>atque</span> <span class='ocrx_word' id='word_1_77' title='bbox 514 941 610 969; x_wconf 87' lang='lat' dir='ltr'>eum</span> <span class='ocrx_word' id='word_1_78' title='bbox 642 931 910 981; x_wconf 81' lang='lat' dir='ltr'>perspexisse</span> <span class='ocrx_word' id='word_1_79' title='bbox 936 942 1009 971; x_wconf 85' lang='lat' dir='ltr'>eas</span> <span class='ocrx_word' id='word_1_80' title='bbox 1040 942 1123 971; x_wconf 91' lang='lat' dir='ltr'>non</span> <span class='ocrx_word' id='word_1_81' title='bbox 1155 931 1289 971; x_wconf 82' lang='lat' dir='ltr'>luisse</span> <span class='ocrx_word' id='word_1_82' title='bbox 1318 932 1582 981; x_wconf 68' lang='lat' dir='ltr'>matronas,</span> <span class='ocrx_word' id='word_1_83' title='bbox 1625 930 1701 971; x_wconf 79' lang='lat' dir='ltr'>sed</span> <span class='ocrx_word' id='word_1_84' title='bbox 1727 928 1996 972; x_wconf 66' lang='lat' dir='ltr'>meretrices.</span> 
     </span>
     <span class='ocr_line' id='line_1_13' title="bbox 361 994 2000 1048; baseline 0.003 -16"><span class='ocrx_word' id='word_1_85' title='bbox 361 994 453 1033; x_wconf 87' lang='lat' dir='ltr'>Hac</span> <span class='ocrx_word' id='word_1_86' title='bbox 490 995 531 1033; x_wconf 94' lang='lat' dir='ltr'>in</span> <span class='ocrx_word' id='word_1_87' title='bbox 569 1006 614 1034; x_wconf 88' lang='lat' dir='ltr'>re</span> <span class='ocrx_word' id='word_1_88' title='bbox 648 998 814 1036; x_wconf 89' lang='lat' dir='ltr'>tantum</span> <span class='ocrx_word' id='word_1_89' title='bbox 843 998 1002 1037; x_wconf 88' lang='lat' dir='ltr'>erravit</span> <span class='ocrx_word' id='word_1_90' title='bbox 1032 997 1306 1048; x_wconf 88' lang='lat' dir='ltr'>Chamaeleo,</span> <span class='ocrx_word' id='word_1_91' title='bbox 1348 1000 1395 1037; x_wconf 91' lang='lat' dir='ltr'>ut</span> <span class='ocrx_word' id='word_1_92' title='bbox 1424 1000 1640 1048; x_wconf 80' lang='lat' dir='ltr'>praeterea</span> <span class='ocrx_word' id='word_1_93' title='bbox 1670 995 1775 1037; x_wconf 76' lang='lat' dir='ltr'>vidit</span> <span class='ocrx_word' id='word_1_94' title='bbox 1803 995 2000 1038; x_wconf 75' lang='lat' dir='ltr'>Wilamo—</span> 
     </span>
     <span class='ocr_line' id='line_1_14' title="bbox 359 1059 2001 1113; baseline 0.003 -16"><span class='ocrx_word' id='word_1_95' title='bbox 359 1059 473 1109; x_wconf 86' lang='lat' dir='ltr'>witz,</span> <span class='ocrx_word' id='word_1_96' title='bbox 507 1061 621 1110; x_wconf 91' lang='lat' dir='ltr'>quod</span> <span class='ocrx_word' id='word_1_97' title='bbox 654 1061 890 1112; x_wconf 83' lang='lat' dir='ltr'>‘perperam</span> <span class='ocrx_word' id='word_1_98' title='bbox 919 1074 943 1102; x_wconf 89' lang='lat' dir='ltr'>e</span> <span class='ocrx_word' id='word_1_99' title='bbox 971 1074 1076 1103; x_wconf 89' lang='lat' dir='ltr'>suae</span> <span class='ocrx_word' id='word_1_100' title='bbox 1099 1075 1254 1103; x_wconf 88' lang='lat' dir='ltr'>rursus</span> <span class='ocrx_word' id='word_1_101' title='bbox 1279 1063 1430 1103; x_wconf 85' lang='lat' dir='ltr'>aetatis</span> <span class='ocrx_word' id='word_1_102' title='bbox 1455 1074 1573 1102; x_wconf 90' lang='lat' dir='ltr'>more</span> <span class='ocrx_word' id='word_1_103' title='bbox 1595 1061 1775 1113; x_wconf 77' lang='lat' dir='ltr'>quasvis</span> <span class='ocrx_word' id='word_1_104' title='bbox 1795 1059 2001 1103; x_wconf 72' lang='lat' dir='ltr'>intellexit</span> 
     </span>
     <span class='ocr_line' id='line_1_15' title="bbox 360 1125 2002 1178; baseline 0.002 -15"><span class='ocrx_word' id='word_1_105' title='bbox 360 1125 522 1174; x_wconf 86' lang='lat' dir='ltr'>puellas</span> <span class='ocrx_word' id='word_1_106' title='bbox 545 1127 735 1166; x_wconf 76' lang='lat' dir='ltr'>Corinthi</span> <span class='ocrx_word' id='word_1_107' title='bbox 761 1130 894 1167; x_wconf 89' lang='lat' dir='ltr'>artem</span> <span class='ocrx_word' id='word_1_108' title='bbox 922 1129 1200 1168; x_wconf 80' lang='lat' dir='ltr'>meretriciam</span> <span class='ocrx_word' id='word_1_109' title='bbox 1224 1126 1500 1178; x_wconf 83' lang='lat' dir='ltr'>exercentes’,</span> <span class='ocrx_word' id='word_1_110' title='bbox 1528 1139 1624 1168; x_wconf 91' lang='lat' dir='ltr'>cum</span> <span class='ocrx_word' id='word_1_111' title='bbox 1646 1127 1831 1167; x_wconf 73' lang='lat' dir='ltr'>fuissent</span> <span class='ocrx_word' id='word_1_112' title='bbox 1849 1137 2002 1168; x_wconf 70' lang='lat' dir='ltr'>servae</span> 
     </span>
    </p>
   </div>
   <div class='ocr_carea' id='block_1_4' title="bbox 360 1190 2065 1249">
    <p class='ocr_par' dir='ltr' id='par_1_5' title="bbox 360 1190 2065 1249">
     <span class='ocr_line' id='line_1_16' title="bbox 360 1190 2065 1249; baseline 0.004 -20"><span class='ocrx_word' id='word_1_113' title='bbox 360 1190 590 1249; x_wconf 71' lang='lat' dir='ltr'>venereae,</span> <span class='ocrx_word' id='word_1_114' title='bbox 619 1192 875 1245; x_wconf 76' lang='grc' dir='ltr'><em>ἱερόδουλοι,</em></span> <span class='ocrx_word' id='word_1_115' title='bbox 909 1195 1033 1245; x_wconf 87' lang='lat' dir='ltr'>‘quae</span> <span class='ocrx_word' id='word_1_116' title='bbox 1052 1196 1094 1235; x_wconf 93' lang='lat' dir='ltr'>in</span> <span class='ocrx_word' id='word_1_117' title='bbox 1115 1196 1271 1247; x_wconf 90' lang='lat' dir='ltr'>templo</span> <span class='ocrx_word' id='word_1_118' title='bbox 1290 1208 1388 1236; x_wconf 89' lang='lat' dir='ltr'>erae</span> <span class='ocrx_word' id='word_1_119' title='bbox 1407 1207 1511 1236; x_wconf 86' lang='lat' dir='ltr'>suae</span> <span class='ocrx_word' id='word_1_120' title='bbox 1530 1195 1790 1246; x_wconf 84' lang='lat' dir='ltr'>stipendium</span> <span class='ocrx_word' id='word_1_121' title='bbox 1807 1194 2003 1247; x_wconf 67' lang='lat' dir='ltr'>corporis</span> <span class='ocrx_word' id='word_1_122' title='bbox 2063 1215 2065 1217; x_wconf 90' lang='lat'>·</span> 
     </span>
    </p>
   </div>
   <div class='ocr_carea' id='block_1_5' title="bbox 360 1257 1997 1312">
    <p class='ocr_par' dir='ltr' id='par_1_6' title="bbox 360 1257 1997 1312">
     <span class='ocr_line' id='line_1_17' title="bbox 360 1257 1997 1312; baseline 0.004 -17"><span class='ocrx_word' id='word_1_123' title='bbox 360 1257 519 1297; x_wconf 86' lang='lat' dir='ltr'>faciunt</span> <span class='ocrx_word' id='word_1_124' title='bbox 565 1261 605 1298; x_wconf 90' lang='lat' dir='ltr'>et</span> <span class='ocrx_word' id='word_1_125' title='bbox 651 1259 694 1299; x_wconf 92' lang='lat' dir='ltr'>in</span> <span class='ocrx_word' id='word_1_126' title='bbox 737 1260 871 1300; x_wconf 88' lang='lat' dir='ltr'>sacris</span> <span class='ocrx_word' id='word_1_127' title='bbox 914 1261 1029 1301; x_wconf 88' lang='lat' dir='ltr'>haud</span> <span class='ocrx_word' id='word_1_128' title='bbox 1072 1262 1192 1301; x_wconf 90' lang='lat' dir='ltr'>aliter</span> <span class='ocrx_word' id='word_1_129' title='bbox 1234 1264 1363 1312; x_wconf 89' lang='lat' dir='ltr'>atque</span> <span class='ocrx_word' id='word_1_130' title='bbox 1408 1261 1600 1301; x_wconf 85' lang='lat' dir='ltr'>Deliades</span> <span class='ocrx_word' id='word_1_131' title='bbox 1643 1260 1732 1301; x_wconf 86' lang='lat' dir='ltr'>Deli</span> <span class='ocrx_word' id='word_1_132' title='bbox 1773 1257 1997 1312; x_wconf 70' lang='lat' dir='ltr'>apparent&#39;</span> 
     </span>
    </p>
   </div>
   <div class='ocr_carea' id='block_1_6' title="bbox 358 1321 2072 1576">
    <p class='ocr_par' dir='ltr' id='par_1_7' title="bbox 358 1321 2072 1576">
     <span class='ocr_line' id='line_1_18' title="bbox 361 1321 2068 1379; baseline 0.003 -18"><span class='ocrx_word' id='word_1_133' title='bbox 361 1321 544 1367; x_wconf 84' lang='lat' dir='ltr'>(Wilam.</span> <span class='ocrx_word' id='word_1_134' title='bbox 565 1324 727 1364; x_wconf 85' lang='lat' dir='ltr'>Comm.</span> <span class='ocrx_word' id='word_1_135' title='bbox 748 1338 787 1376; x_wconf 92' lang='lat' dir='ltr'>p.</span> <span class='ocrx_word' id='word_1_136' title='bbox 808 1325 866 1376; x_wconf 88' lang='lat'>4).</span> <span class='ocrx_word' id='word_1_137' title='bbox 901 1327 1008 1366; x_wconf 89' lang='lat' dir='ltr'>Cum</span> <span class='ocrx_word' id='word_1_138' title='bbox 1038 1338 1171 1377; x_wconf 90' lang='lat' dir='ltr'>supra</span> <span class='ocrx_word' id='word_1_139' title='bbox 1202 1327 1388 1366; x_wconf 88' lang='lat' dir='ltr'>vidimus</span> <span class='ocrx_word' id='word_1_140' title='bbox 1419 1325 1467 1379; x_wconf 60' lang='grc' dir='ltr'>(ξ</span> <span class='ocrx_word' id='word_1_141' title='bbox 1488 1325 1559 1376; x_wconf 85' lang='grc'>29)</span> <span class='ocrx_word' id='word_1_142' title='bbox 1590 1326 1814 1377; x_wconf 82' lang='lat' dir='ltr'>Ephorum</span> <span class='ocrx_word' id='word_1_143' title='bbox 1840 1324 1996 1377; x_wconf 70' lang='lat' dir='ltr'>fuisse,</span> <span class='ocrx_word' id='word_1_144' title='bbox 2066 1370 2068 1372; x_wconf 56' lang='grc'>,</span> 
     </span>
     <span class='ocr_line' id='line_1_19' title="bbox 358 1389 2072 1443; baseline 0.003 -16"><span class='ocrx_word' id='word_1_145' title='bbox 358 1389 430 1437; x_wconf 91' lang='lat' dir='ltr'>qui</span> <span class='ocrx_word' id='word_1_146' title='bbox 469 1391 509 1428; x_wconf 88' lang='lat' dir='ltr'>et</span> <span class='ocrx_word' id='word_1_147' title='bbox 546 1390 853 1441; x_wconf 88' lang='lat' dir='ltr'>epigrammata</span> <span class='ocrx_word' id='word_1_148' title='bbox 889 1392 1108 1433; x_wconf 85' lang='lat' dir='ltr'>Corinthia</span> <span class='ocrx_word' id='word_1_149' title='bbox 1137 1395 1275 1433; x_wconf 88' lang='lat' dir='ltr'>cetera</span> <span class='ocrx_word' id='word_1_150' title='bbox 1303 1395 1343 1432; x_wconf 88' lang='lat' dir='ltr'>et</span> <span class='ocrx_word' id='word_1_151' title='bbox 1373 1393 1451 1432; x_wconf 87' lang='lat' dir='ltr'>hoc</span> <span class='ocrx_word' id='word_1_152' title='bbox 1479 1392 1743 1443; x_wconf 84' lang='lat' dir='ltr'>epigramma</span> <span class='ocrx_word' id='word_1_153' title='bbox 1769 1402 1824 1431; x_wconf 87' lang='lat' dir='ltr'>ex</span> <span class='ocrx_word' id='word_1_154' title='bbox 1849 1389 2000 1432; x_wconf 76' lang='lat' dir='ltr'>Corin·</span> <span class='ocrx_word' id='word_1_155' title='bbox 2068 1400 2072 1402; x_wconf 76' lang='grc'><em>·</em></span> 
     </span>
     <span class='ocr_line' id='line_1_20' title="bbox 358 1453 2072 1509; baseline 0.002 -17"><span class='ocrx_word' id='word_1_156' title='bbox 358 1453 446 1493; x_wconf 87' lang='lat' dir='ltr'>thio</span> <span class='ocrx_word' id='word_1_157' title='bbox 483 1455 599 1495; x_wconf 82' lang='lat' dir='ltr'>fonte</span> <span class='ocrx_word' id='word_1_158' title='bbox 635 1457 785 1497; x_wconf 88' lang='lat' dir='ltr'>litteris</span> <span class='ocrx_word' id='word_1_159' title='bbox 823 1459 1058 1509; x_wconf 88' lang='lat' dir='ltr'>intulisset,</span> <span class='ocrx_word' id='word_1_160' title='bbox 1101 1459 1137 1498; x_wconf 88' lang='lat' dir='ltr'>is</span> <span class='ocrx_word' id='word_1_161' title='bbox 1171 1471 1358 1499; x_wconf 89' lang='lat' dir='ltr'>errorem</span> <span class='ocrx_word' id='word_1_162' title='bbox 1388 1458 1654 1499; x_wconf 82' lang='lat' dir='ltr'>commisisse</span> <span class='ocrx_word' id='word_1_163' title='bbox 1681 1457 1872 1508; x_wconf 80' lang='lat' dir='ltr'>videtur,</span> <span class='ocrx_word' id='word_1_164' title='bbox 1910 1466 2000 1508; x_wconf 85' lang='lat' dir='ltr'>quo</span> <span class='ocrx_word' id='word_1_165' title='bbox 2070 1491 2072 1494; x_wconf 77' lang='grc'>,</span> 
     </span>
     <span class='ocr_line' id='line_1_21' title="bbox 359 1519 2072 1576; baseline 0.004 -19"><span class='ocrx_word' id='word_1_166' title='bbox 359 1519 556 1559; x_wconf 89' lang='lat' dir='ltr'>mulieres</span> <span class='ocrx_word' id='word_1_167' title='bbox 594 1522 690 1561; x_wconf 92' lang='lat' dir='ltr'>illae</span> <span class='ocrx_word' id='word_1_168' title='bbox 726 1535 883 1563; x_wconf 86' lang='lat' dir='ltr'>uxores</span> <span class='ocrx_word' id='word_1_169' title='bbox 922 1525 1241 1564; x_wconf 88' lang='lat' dir='ltr'>Corinthiorum</span> <span class='ocrx_word' id='word_1_170' title='bbox 1271 1525 1537 1576; x_wconf 73' lang='lat' dir='ltr'>significatae</span> <span class='ocrx_word' id='word_1_171' title='bbox 1563 1526 1720 1563; x_wconf 80' lang='lat' dir='ltr'>essent.</span> <span class='ocrx_word' id='word_1_172' title='bbox 1765 1522 1850 1571; x_wconf 77' lang='lat' dir='ltr'>Qui</span> <span class='ocrx_word' id='word_1_173' title='bbox 1876 1531 1999 1563; x_wconf 80' lang='lat' dir='ltr'>error</span> <span class='ocrx_word' id='word_1_174' title='bbox 2070 1520 2072 1522; x_wconf 67' lang='grc'><strong>’</strong></span> 
     </span>
    </p>
   </div>
   <div class='ocr_carea' id='block_1_7' title="bbox 358 1587 1994 1704">
    <p class='ocr_par' dir='ltr' id='par_1_8' title="bbox 358 1587 1994 1704">
     <span class='ocr_line' id='line_1_22' title="bbox 359 1587 1994 1641; baseline 0.004 -19"><span class='ocrx_word' id='word_1_175' title='bbox 359 1589 620 1636; x_wconf 87' lang='lat' dir='ltr'>propagatus</span> <span class='ocrx_word' id='word_1_176' title='bbox 644 1590 707 1627; x_wconf 88' lang='lat' dir='ltr'>est</span> <span class='ocrx_word' id='word_1_177' title='bbox 732 1600 783 1628; x_wconf 90' lang='lat' dir='ltr'>ex</span> <span class='ocrx_word' id='word_1_178' title='bbox 809 1590 982 1640; x_wconf 87' lang='lat' dir='ltr'>Ephoro</span> <span class='ocrx_word' id='word_1_179' title='bbox 1006 1591 1048 1630; x_wconf 91' lang='lat' dir='ltr'>in</span> <span class='ocrx_word' id='word_1_180' title='bbox 1071 1591 1416 1641; x_wconf 87' lang='lat' dir='ltr'>Theopompum,</span> <span class='ocrx_word' id='word_1_181' title='bbox 1445 1590 1486 1629; x_wconf 89' lang='lat' dir='ltr'>in</span> <span class='ocrx_word' id='word_1_182' title='bbox 1513 1588 1731 1629; x_wconf 82' lang='lat' dir='ltr'>Plutarchi</span> <span class='ocrx_word' id='word_1_183' title='bbox 1752 1588 1913 1629; x_wconf 71' lang='lat' dir='ltr'>iontem</span> <span class='ocrx_word' id='word_1_184' title='bbox 1933 1587 1994 1640; x_wconf 78' lang='lat' dir='ltr'>X,</span> 
     </span>
     <span class='ocr_line' id='line_1_23' title="bbox 358 1650 893 1704; baseline 0.011 -16"><span class='ocrx_word' id='word_1_185' title='bbox 358 1650 399 1689; x_wconf 89' lang='lat' dir='ltr'>in</span> <span class='ocrx_word' id='word_1_186' title='bbox 432 1651 707 1693; x_wconf 86' lang='lat' dir='ltr'>Plutarchum</span> <span class='ocrx_word' id='word_1_187' title='bbox 736 1655 893 1704; x_wconf 87' lang='lat' dir='ltr'>ipsum.</span> 
     </span>
    </p>
   </div>
   <div class='ocr_carea' id='block_1_8' title="bbox 413 1716 2071 1771">
    <p class='ocr_par' dir='ltr' id='par_1_9' title="bbox 413 1716 2071 1771">
     <span class='ocr_line' id='line_1_24' title="bbox 413 1716 2071 1771; baseline 0.003 -16"><span class='ocrx_word' id='word_1_188' title='bbox 413 1716 503 1756; x_wconf 89' lang='lat' dir='ltr'>Hoc</span> <span class='ocrx_word' id='word_1_189' title='bbox 539 1719 884 1768; x_wconf 88' lang='lat' dir='ltr'>splendidissimo</span> <span class='ocrx_word' id='word_1_190' title='bbox 918 1721 1222 1761; x_wconf 86' lang='lat' dir='ltr'>Wilamowitzii</span> <span class='ocrx_word' id='word_1_191' title='bbox 1257 1722 1432 1760; x_wconf 88' lang='lat' dir='ltr'>invento</span> <span class='ocrx_word' id='word_1_192' title='bbox 1458 1719 1511 1771; x_wconf 81' lang='lat'>31)</span> <span class='ocrx_word' id='word_1_193' title='bbox 1549 1720 1651 1760; x_wconf 88' lang='lat' dir='ltr'>mihi</span> <span class='ocrx_word' id='word_1_194' title='bbox 1681 1718 1888 1760; x_wconf 74' lang='lat' dir='ltr'>utendum</span> <span class='ocrx_word' id='word_1_195' title='bbox 1915 1717 1997 1760; x_wconf 79' lang='lat' dir='ltr'>erit</span> <span class='ocrx_word' id='word_1_196' title='bbox 2067 1718 2071 1721; x_wconf 52' lang='grc'><strong>“</strong></span> 
     </span>
    </p>
   </div>
   <div class='ocr_carea' id='block_1_9' title="bbox 356 1781 1997 2099">
    <p class='ocr_par' dir='ltr' id='par_1_10' title="bbox 356 1781 1997 2099">
     <span class='ocr_line' id='line_1_25' title="bbox 357 1781 1997 1837; baseline 0.004 -18"><span class='ocrx_word' id='word_1_197' title='bbox 357 1781 410 1820; x_wconf 85' lang='lat' dir='ltr'>ad</span> <span class='ocrx_word' id='word_1_198' title='bbox 432 1783 719 1823; x_wconf 86' lang='lat' dir='ltr'>condicionem</span> <span class='ocrx_word' id='word_1_199' title='bbox 740 1786 849 1825; x_wconf 87' lang='lat' dir='ltr'>inter</span> <span class='ocrx_word' id='word_1_200' title='bbox 870 1786 1131 1826; x_wconf 81' lang='lat' dir='ltr'>Athenaeum</span> <span class='ocrx_word' id='word_1_201' title='bbox 1152 1790 1281 1837; x_wconf 88' lang='lat' dir='ltr'>atque</span> <span class='ocrx_word' id='word_1_202' title='bbox 1300 1789 1387 1826; x_wconf 82' lang='lat' dir='ltr'>tres</span> <span class='ocrx_word' id='word_1_203' title='bbox 1408 1787 1639 1836; x_wconf 89' lang='lat' dir='ltr'>scriptores</span> <span class='ocrx_word' id='word_1_204' title='bbox 1658 1785 1714 1825; x_wconf 87' lang='lat' dir='ltr'>ab</span> <span class='ocrx_word' id='word_1_205' title='bbox 1731 1796 1783 1826; x_wconf 87' lang='lat' dir='ltr'>eo</span> <span class='ocrx_word' id='word_1_206' title='bbox 1800 1784 1997 1825; x_wconf 68' lang='lat' dir='ltr'>laudatos</span> 
     </span>
     <span class='ocr_line' id='line_1_26' title="bbox 357 1846 1992 1900; baseline 0.004 -16"><span class='ocrx_word' id='word_1_207' title='bbox 357 1846 684 1898; x_wconf 63' lang='lat' dir='ltr'>designandam</span> <span class='ocrx_word' id='word_1_208' title='bbox 724 1862 834 1900; x_wconf 89' lang='lat' dir='ltr'>quae</span> <span class='ocrx_word' id='word_1_209' title='bbox 870 1852 972 1890; x_wconf 89' lang='lat' dir='ltr'>mihi</span> <span class='ocrx_word' id='word_1_210' title='bbox 1011 1852 1132 1891; x_wconf 87' lang='lat' dir='ltr'>aliter</span> <span class='ocrx_word' id='word_1_211' title='bbox 1168 1864 1235 1892; x_wconf 82' lang='lat' dir='ltr'>ac.</span> <span class='ocrx_word' id='word_1_212' title='bbox 1256 1853 1348 1891; x_wconf 85' lang='lat' dir='ltr'>viro</span> <span class='ocrx_word' id='word_1_213' title='bbox 1385 1852 1435 1891; x_wconf 88' lang='lat' dir='ltr'>cl.</span> <span class='ocrx_word' id='word_1_214' title='bbox 1477 1850 1772 1891; x_wconf 82' lang='lat' dir='ltr'>constituenda</span> <span class='ocrx_word' id='word_1_215' title='bbox 1809 1849 1992 1891; x_wconf 80' lang='lat' dir='ltr'>videtur.</span> 
     </span>
     <span class='ocr_line' id='line_1_27' title="bbox 358 1912 1996 1966; baseline 0.004 -15"><span class='ocrx_word' id='word_1_216' title='bbox 358 1912 523 1952; x_wconf 81' lang='lat' dir='ltr'>Etenim</span> <span class='ocrx_word' id='word_1_217' title='bbox 550 1914 822 1966; x_wconf 87' lang='lat' dir='ltr'>Chamaeleo,</span> <span class='ocrx_word' id='word_1_218' title='bbox 856 1929 952 1956; x_wconf 91' lang='lat' dir='ltr'>cum</span> <span class='ocrx_word' id='word_1_219' title='bbox 976 1929 1028 1956; x_wconf 89' lang='lat' dir='ltr'>ex</span> <span class='ocrx_word' id='word_1_220' title='bbox 1053 1918 1183 1957; x_wconf 89' lang='lat' dir='ltr'>scolio</span> <span class='ocrx_word' id='word_1_221' title='bbox 1208 1917 1433 1957; x_wconf 89' lang='lat' dir='ltr'>Pindarico</span> <span class='ocrx_word' id='word_1_222' title='bbox 1457 1917 1731 1957; x_wconf 82' lang='lat' dir='ltr'>intellexisset</span> <span class='ocrx_word' id='word_1_223' title='bbox 1753 1915 1996 1956; x_wconf 68' lang='lat' dir='ltr'>meretrices</span> 
     </span>
     <span class='ocr_line' id='line_1_28' title="bbox 357 1978 1996 2033; baseline 0.003 -17"><span class='ocrx_word' id='word_1_224' title='bbox 357 1978 491 2017; x_wconf 80' lang='lat' dir='ltr'>fuisse</span> <span class='ocrx_word' id='word_1_225' title='bbox 518 1991 689 2030; x_wconf 89' lang='lat' dir='ltr'>quoque</span> <span class='ocrx_word' id='word_1_226' title='bbox 716 1993 810 2031; x_wconf 87' lang='lat' dir='ltr'>eas,</span> <span class='ocrx_word' id='word_1_227' title='bbox 842 1994 953 2031; x_wconf 91' lang='lat' dir='ltr'>quae</span> <span class='ocrx_word' id='word_1_228' title='bbox 980 1982 1077 2021; x_wconf 90' lang='lat' dir='ltr'>belli</span> <span class='ocrx_word' id='word_1_229' title='bbox 1106 1982 1254 2023; x_wconf 86' lang='lat' dir='ltr'>Medici</span> <span class='ocrx_word' id='word_1_230' title='bbox 1280 1983 1545 2033; x_wconf 84' lang='lat' dir='ltr'>temporibus</span> <span class='ocrx_word' id='word_1_231' title='bbox 1566 1982 1771 2022; x_wconf 87' lang='lat' dir='ltr'>Venerem</span> <span class='ocrx_word' id='word_1_232' title='bbox 1797 1980 1996 2032; x_wconf 71' lang='lat' dir='ltr'>precibus</span> 
     </span>
     <span class='ocr_line' id='line_1_29' title="bbox 356 2043 1997 2099; baseline 0.003 -17"><span class='ocrx_word' id='word_1_233' title='bbox 356 2043 511 2083; x_wconf 89' lang='lat' dir='ltr'>adiisse</span> <span class='ocrx_word' id='word_1_234' title='bbox 553 2046 849 2098; x_wconf 87' lang='lat' dir='ltr'>traderentur,</span> <span class='ocrx_word' id='word_1_235' title='bbox 901 2049 1188 2088; x_wconf 89' lang='lat' dir='ltr'>narrationem</span> <span class='ocrx_word' id='word_1_236' title='bbox 1233 2049 1370 2099; x_wconf 86' lang='lat' dir='ltr'>ipsam</span> <span class='ocrx_word' id='word_1_237' title='bbox 1412 2060 1463 2088; x_wconf 90' lang='lat' dir='ltr'>ex</span> <span class='ocrx_word' id='word_1_238' title='bbox 1508 2048 1749 2098; x_wconf 86' lang='lat' dir='ltr'>antiquiore</span> <span class='ocrx_word' id='word_1_239' title='bbox 1789 2046 1997 2098; x_wconf 74' lang='lat' dir='ltr'>scriptore</span> 
     </span>
    </p>
   </div>
   <div class='ocr_carea' id='block_1_10' title="bbox 355 2110 2072 2363">
    <p class='ocr_par' dir='ltr' id='par_1_11' title="bbox 355 2110 2072 2363">
     <span class='ocr_line' id='line_1_30' title="bbox 356 2110 2072 2164; baseline 0.003 -16"><span class='ocrx_word' id='word_1_240' title='bbox 356 2110 567 2160; x_wconf 86' lang='lat' dir='ltr'>cognitam</span> <span class='ocrx_word' id='word_1_241' title='bbox 597 2111 792 2152; x_wconf 90' lang='lat' dir='ltr'>habuerit</span> <span class='ocrx_word' id='word_1_242' title='bbox 822 2125 993 2153; x_wconf 80' lang='lat' dir='ltr'>necesse</span> <span class='ocrx_word' id='word_1_243' title='bbox 1020 2117 1097 2153; x_wconf 88' lang='lat' dir='ltr'>est.</span> <span class='ocrx_word' id='word_1_244' title='bbox 1157 2114 1293 2160; x_wconf 90' lang='lat' dir='ltr'>Quem</span> <span class='ocrx_word' id='word_1_245' title='bbox 1323 2115 1415 2154; x_wconf 91' lang='lat' dir='ltr'>sive</span> <span class='ocrx_word' id='word_1_246' title='bbox 1443 2114 1664 2164; x_wconf 85' lang='lat' dir='ltr'>Ephorum</span> <span class='ocrx_word' id='word_1_247' title='bbox 1692 2113 1828 2153; x_wconf 73' lang='lat' dir='ltr'>husee</span> <span class='ocrx_word' id='word_1_248' title='bbox 1854 2111 1995 2153; x_wconf 81' lang='lat' dir='ltr'>dicen·</span> <span class='ocrx_word' id='word_1_249' title='bbox 2030 2118 2032 2121; x_wconf 82' lang='grc'>’</span> <span class='ocrx_word' id='word_1_250' title='bbox 2068 2128 2072 2132; x_wconf 45' lang='lat'><strong>2</strong></span> 
     </span>
     <span class='ocr_line' id='line_1_31' title="bbox 355 2175 2072 2229; baseline 0.003 -16"><span class='ocrx_word' id='word_1_251' title='bbox 355 2175 458 2214; x_wconf 89' lang='lat' dir='ltr'>dum</span> <span class='ocrx_word' id='word_1_252' title='bbox 495 2178 558 2215; x_wconf 85' lang='lat' dir='ltr'>est</span> <span class='ocrx_word' id='word_1_253' title='bbox 596 2178 687 2216; x_wconf 89' lang='lat' dir='ltr'>sive</span> <span class='ocrx_word' id='word_1_254' title='bbox 714 2178 1034 2229; x_wconf 88' lang='lat' dir='ltr'>Theopompum</span> <span class='ocrx_word' id='word_1_255' title='bbox 1065 2180 1156 2218; x_wconf 88' lang='lat' dir='ltr'>sive</span> <span class='ocrx_word' id='word_1_256' title='bbox 1183 2179 1313 2218; x_wconf 90' lang='lat' dir='ltr'>alium</span> <span class='ocrx_word' id='word_1_257' title='bbox 1343 2179 1581 2229; x_wconf 86' lang='lat' dir='ltr'>quendam,</span> <span class='ocrx_word' id='word_1_258' title='bbox 1623 2179 1698 2229; x_wconf 91' lang='lat' dir='ltr'>qui</span> <span class='ocrx_word' id='word_1_259' title='bbox 1725 2189 1816 2218; x_wconf 83' lang='lat' dir='ltr'>rem</span> <span class='ocrx_word' id='word_1_260' title='bbox 1842 2188 1897 2218; x_wconf 82' lang='lat' dir='ltr'>ex</span> <span class='ocrx_word' id='word_1_261' title='bbox 1922 2175 1996 2218; x_wconf 81' lang='lat' dir='ltr'>ino</span> <span class='ocrx_word' id='word_1_262' title='bbox 2068 2193 2072 2196; x_wconf 64' lang='grc'><em>’</em></span> 
     </span>
     <span class='ocr_line' id='line_1_32' title="bbox 358 2236 2066 2295; baseline 0.004 -17"><span class='ocrx_word' id='word_1_263' title='bbox 358 2241 421 2279; x_wconf 85' lang='lat' dir='ltr'>vel</span> <span class='ocrx_word' id='word_1_264' title='bbox 447 2240 524 2280; x_wconf 92' lang='lat' dir='ltr'>hoc</span> <span class='ocrx_word' id='word_1_265' title='bbox 549 2242 755 2292; x_wconf 89' lang='lat' dir='ltr'>scriptore</span> <span class='ocrx_word' id='word_1_266' title='bbox 777 2243 1011 2283; x_wconf 86' lang='lat' dir='ltr'>derivatam</span> <span class='ocrx_word' id='word_1_267' title='bbox 1036 2244 1265 2284; x_wconf 85' lang='lat' dir='ltr'>exhiberet.</span> <span class='ocrx_word' id='word_1_268' title='bbox 1301 2245 1363 2284; x_wconf 88' lang='lat' dir='ltr'>Ea</span> <span class='ocrx_word' id='word_1_269' title='bbox 1386 2244 1439 2284; x_wconf 89' lang='lat' dir='ltr'>de</span> <span class='ocrx_word' id='word_1_270' title='bbox 1458 2256 1587 2284; x_wconf 88' lang='lat' dir='ltr'>causa</span> <span class='ocrx_word' id='word_1_271' title='bbox 1607 2245 1690 2284; x_wconf 87' lang='lat' dir='ltr'>iam</span> <span class='ocrx_word' id='word_1_272' title='bbox 1711 2255 1788 2295; x_wconf 89' lang='lat' dir='ltr'>per</span> <span class='ocrx_word' id='word_1_273' title='bbox 1805 2254 1854 2283; x_wconf 79' lang='lat' dir='ltr'>se</span> <span class='ocrx_word' id='word_1_274' title='bbox 1870 2236 2000 2283; x_wconf 63' lang='lat' dir='ltr'>valde&gt;</span> <span class='ocrx_word' id='word_1_275' title='bbox 2063 2277 2066 2278; x_wconf 16' lang='grc' dir='ltr'><em>ν</em></span> 
     </span>
     <span class='ocr_line' id='line_1_33' title="bbox 355 2307 2072 2363; baseline 0.002 -19"><span class='ocrx_word' id='word_1_276' title='bbox 355 2309 417 2345; x_wconf 88' lang='lat' dir='ltr'>cst</span> <span class='ocrx_word' id='word_1_277' title='bbox 443 2308 669 2347; x_wconf 86' lang='lat' dir='ltr'>verisimile</span> <span class='ocrx_word' id='word_1_278' title='bbox 692 2309 1035 2359; x_wconf 89' lang='lat' dir='ltr'>Theopompum,</span> <span class='ocrx_word' id='word_1_279' title='bbox 1064 2310 1137 2359; x_wconf 91' lang='lat' dir='ltr'>qui</span> <span class='ocrx_word' id='word_1_280' title='bbox 1163 2310 1361 2349; x_wconf 90' lang='lat' dir='ltr'>laudetur</span> <span class='ocrx_word' id='word_1_281' title='bbox 1380 2310 1423 2349; x_wconf 92' lang='lat' dir='ltr'>in</span> <span class='ocrx_word' id='word_1_282' title='bbox 1449 2309 1651 2349; x_wconf 86' lang='lat' dir='ltr'>Athenaei</span> <span class='ocrx_word' id='word_1_283' title='bbox 1675 2308 1846 2359; x_wconf 80' lang='lat' dir='ltr'>notitia,</span> <span class='ocrx_word' id='word_1_284' title='bbox 1872 2307 1995 2348; x_wconf 82' lang='lat' dir='ltr'>illum</span> <span class='ocrx_word' id='word_1_285' title='bbox 2070 2361 2072 2363; x_wconf 6' lang='grc' dir='ltr'>μ</span> 
     </span>
    </p>
   </div>
   <div class='ocr_carea' id='block_1_11' title="bbox 355 2372 1992 2555">
    <p class='ocr_par' dir='ltr' id='par_1_12' title="bbox 355 2372 1992 2555">
     <span class='ocr_line' id='line_1_34' title="bbox 356 2372 1989 2425; baseline 0.002 -15"><span class='ocrx_word' id='word_1_286' title='bbox 356 2372 489 2411; x_wconf 83' lang='lat' dir='ltr'>fuisse</span> <span class='ocrx_word' id='word_1_287' title='bbox 509 2373 756 2422; x_wconf 85' lang='lat' dir='ltr'>scriptorem</span> <span class='ocrx_word' id='word_1_288' title='bbox 778 2386 962 2424; x_wconf 89' lang='lat' dir='ltr'>eumque</span> <span class='ocrx_word' id='word_1_289' title='bbox 981 2375 1064 2414; x_wconf 89' lang='lat' dir='ltr'>iam</span> <span class='ocrx_word' id='word_1_290' title='bbox 1085 2386 1109 2414; x_wconf 86' lang='lat' dir='ltr'>a</span> <span class='ocrx_word' id='word_1_291' title='bbox 1131 2375 1456 2415; x_wconf 78' lang='lat' dir='ltr'>chamaeleonte</span> <span class='ocrx_word' id='word_1_292' title='bbox 1475 2376 1568 2425; x_wconf 90' lang='lat' dir='ltr'>ipso</span> <span class='ocrx_word' id='word_1_293' title='bbox 1589 2374 1823 2414; x_wconf 82' lang='lat' dir='ltr'>adductum</span> <span class='ocrx_word' id='word_1_294' title='bbox 1841 2373 1989 2413; x_wconf 73' lang='lat' dir='ltr'>nasse.</span> 
     </span>
     <span class='ocr_line' id='line_1_35' title="bbox 355 2437 1611 2490; baseline 0.003 -15"><span class='ocrx_word' id='word_1_295' title='bbox 355 2437 474 2482; x_wconf 86' lang='lat' dir='ltr'>Quae</span> <span class='ocrx_word' id='word_1_296' title='bbox 502 2438 742 2478; x_wconf 87' lang='lat' dir='ltr'>coniectura</span> <span class='ocrx_word' id='word_1_297' title='bbox 771 2439 948 2478; x_wconf 84' lang='lat' dir='ltr'>certiore</span> <span class='ocrx_word' id='word_1_298' title='bbox 976 2442 1231 2490; x_wconf 89' lang='lat' dir='ltr'>argumento</span> <span class='ocrx_word' id='word_1_299' title='bbox 1258 2440 1430 2490; x_wconf 89' lang='lat' dir='ltr'>probari</span> <span class='ocrx_word' id='word_1_300' title='bbox 1459 2442 1611 2490; x_wconf 84' lang='lat' dir='ltr'>potest.</span> 
     </span>
     <span class='ocr_line' id='line_1_36' title="bbox 409 2502 1992 2555; baseline 0.002 -15"><span class='ocrx_word' id='word_1_301' title='bbox 409 2502 500 2540; x_wconf 84' lang='lat' dir='ltr'>Non</span> <span class='ocrx_word' id='word_1_302' title='bbox 539 2504 649 2541; x_wconf 90' lang='lat' dir='ltr'>enim</span> <span class='ocrx_word' id='word_1_303' title='bbox 689 2504 797 2543; x_wconf 82' lang='lat' dir='ltr'>forte</span> <span class='ocrx_word' id='word_1_304' title='bbox 834 2505 1004 2544; x_wconf 81' lang='lat' dir='ltr'>fortuna</span> <span class='ocrx_word' id='word_1_305' title='bbox 1045 2505 1203 2544; x_wconf 85' lang='lat' dir='ltr'>factum</span> <span class='ocrx_word' id='word_1_306' title='bbox 1237 2517 1332 2544; x_wconf 88' lang='lat' dir='ltr'>esse</span> <span class='ocrx_word' id='word_1_307' title='bbox 1361 2505 1548 2555; x_wconf 79' lang='lat' dir='ltr'>videtur,</span> <span class='ocrx_word' id='word_1_308' title='bbox 1589 2505 1704 2555; x_wconf 90' lang='lat' dir='ltr'>quod</span> <span class='ocrx_word' id='word_1_309' title='bbox 1732 2503 1992 2555; x_wconf 81' lang='lat' dir='ltr'>Theopompi</span> 
     </span>
    </p>
   </div>
   <div class='ocr_carea' id='block_1_12' title="bbox 355 2567 2072 2752">
    <p class='ocr_par' dir='ltr' id='par_1_13' title="bbox 355 2567 2072 2752">
     <span class='ocr_line' id='line_1_37' title="bbox 355 2567 2072 2631; baseline 0.003 -27"><span class='ocrx_word' id='word_1_310' title='bbox 355 2567 642 2616; x_wconf 80' lang='lat' dir='ltr'>fragmentum</span> <span class='ocrx_word' id='word_1_311' title='bbox 672 2569 847 2608; x_wconf 87' lang='lat' dir='ltr'>uberius</span> <span class='ocrx_word' id='word_1_312' title='bbox 876 2570 918 2608; x_wconf 94' lang='lat' dir='ltr'>in</span> <span class='ocrx_word' id='word_1_313' title='bbox 952 2570 1131 2609; x_wconf 86' lang='lat' dir='ltr'>Scholiis</span> <span class='ocrx_word' id='word_1_314' title='bbox 1161 2572 1380 2609; x_wconf 87' lang='lat' dir='ltr'>servatum</span> <span class='ocrx_word' id='word_1_315' title='bbox 1407 2573 1470 2609; x_wconf 86' lang='lat' dir='ltr'>est</span> <span class='ocrx_word' id='word_1_316' title='bbox 1497 2570 1551 2609; x_wconf 87' lang='lat' dir='ltr'>ad</span> <span class='ocrx_word' id='word_1_317' title='bbox 1575 2570 1758 2610; x_wconf 88' lang='lat' dir='ltr'>eundem</span> <span class='ocrx_word' id='word_1_318' title='bbox 1781 2569 1992 2621; x_wconf 75' lang='lat' dir='ltr'>hymnum</span> <span class='ocrx_word' id='word_1_319' title='bbox 2059 2601 2072 2631; x_wconf 52' lang='lat'>§³2</span> 
     </span>
     <span class='ocr_line' id='line_1_38' title="bbox 356 2632 2072 2684; baseline 0.003 -14"><span class='ocrx_word' id='word_1_320' title='bbox 356 2632 622 2682; x_wconf 69' lang='lat' dir='ltr'>Olympicum</span> <span class='ocrx_word' id='word_1_321' title='bbox 665 2634 833 2684; x_wconf 88' lang='lat' dir='ltr'>(XIII),</span> <span class='ocrx_word' id='word_1_322' title='bbox 881 2636 1003 2674; x_wconf 89' lang='lat' dir='ltr'>cuius</span> <span class='ocrx_word' id='word_1_323' title='bbox 1041 2635 1262 2674; x_wconf 89' lang='lat' dir='ltr'>exordium</span> <span class='ocrx_word' id='word_1_324' title='bbox 1299 2636 1549 2675; x_wconf 85' lang='lat' dir='ltr'>laudaverat</span> <span class='ocrx_word' id='word_1_325' title='bbox 1587 2634 1852 2675; x_wconf 83' lang='lat' dir='ltr'>Chamaeleo.</span> <span class='ocrx_word' id='word_1_326' title='bbox 1895 2633 1993 2681; x_wconf 81' lang='lat' dir='ltr'>Quo</span> <span class='ocrx_word' id='word_1_327' title='bbox 2058 2632 2072 2651; x_wconf 67' lang='lat'>³³</span> 
     </span>
     <span class='ocr_line' id='line_1_39' title="bbox 355 2698 2072 2752; baseline 0.003 -17"><span class='ocrx_word' id='word_1_328' title='bbox 355 2698 534 2747; x_wconf 87' lang='lat' dir='ltr'>accedit,</span> <span class='ocrx_word' id='word_1_329' title='bbox 580 2699 694 2747; x_wconf 91' lang='lat' dir='ltr'>quod</span> <span class='ocrx_word' id='word_1_330' title='bbox 736 2699 790 2738; x_wconf 88' lang='lat' dir='ltr'>ad</span> <span class='ocrx_word' id='word_1_331' title='bbox 834 2700 1015 2749; x_wconf 88' lang='lat' dir='ltr'>priorem</span> <span class='ocrx_word' id='word_1_332' title='bbox 1059 2703 1221 2750; x_wconf 88' lang='lat' dir='ltr'>partem</span> <span class='ocrx_word' id='word_1_333' title='bbox 1265 2701 1520 2751; x_wconf 88' lang='lat' dir='ltr'>sententiae,</span> <span class='ocrx_word' id='word_1_334' title='bbox 1566 2701 1621 2739; x_wconf 88' lang='lat' dir='ltr'>ad</span> <span class='ocrx_word' id='word_1_335' title='bbox 1662 2701 1786 2740; x_wconf 88' lang='lat' dir='ltr'>cuius</span> <span class='ocrx_word' id='word_1_336' title='bbox 1826 2700 1992 2752; x_wconf 64' lang='lat' dir='ltr'>partem</span> <span class='ocrx_word' id='word_1_337' title='bbox 2068 2726 2072 2729; x_wconf 39' lang='lat' dir='ltr'>v</span> 
     </span>
    </p>
   </div>
   <div class='ocr_carea' id='block_1_13' title="bbox 356 2762 1987 2817">
    <p class='ocr_par' dir='ltr' id='par_1_14' title="bbox 356 2762 1987 2817">
     <span class='ocr_line' id='line_1_40' title="bbox 356 2762 1987 2817; baseline 0.003 -17"><span class='ocrx_word' id='word_1_338' title='bbox 356 2762 628 2811; x_wconf 88' lang='lat' dir='ltr'>posteriorem</span> <span class='ocrx_word' id='word_1_339' title='bbox 658 2766 773 2803; x_wconf 86' lang='lat' dir='ltr'>extat</span> <span class='ocrx_word' id='word_1_340' title='bbox 804 2764 1002 2804; x_wconf 88' lang='lat' dir='ltr'>Scholion</span> <span class='ocrx_word' id='word_1_341' title='bbox 1032 2765 1277 2815; x_wconf 86' lang='lat' dir='ltr'>laudatum,</span> <span class='ocrx_word' id='word_1_342' title='bbox 1309 2766 1532 2815; x_wconf 88' lang='lat' dir='ltr'>explicatio</span> <span class='ocrx_word' id='word_1_343' title='bbox 1551 2766 1593 2805; x_wconf 90' lang='lat' dir='ltr'>in</span> <span class='ocrx_word' id='word_1_344' title='bbox 1618 2766 1799 2805; x_wconf 86' lang='lat' dir='ltr'>Scholiis</span> <span class='ocrx_word' id='word_1_345' title='bbox 1817 2764 1987 2817; x_wconf 73' lang='lat' dir='ltr'>legitur,</span> 
     </span>
    </p>
   </div>
   <div class='ocr_carea' id='block_1_14' title="bbox 356 2863 565 2871">
    <p class='ocr_par' dir='ltr' id='par_1_15' title="bbox 356 2863 565 2871">
     <span class='ocr_line' id='line_1_41' title="bbox 356 2863 565 2871; baseline 0 0"><span class='ocrx_word' id='word_1_346' title='bbox 356 2863 565 2871; x_wconf 95' lang='lat' dir='ltr'> </span> 
     </span>
    </p>
   </div>
   <div class='ocr_carea' id='block_1_15' title="bbox 353 2930 1992 3088">
    <p class='ocr_par' dir='ltr' id='par_1_16' title="bbox 353 2930 1992 3088">
     <span class='ocr_line' id='line_1_42' title="bbox 398 2930 1991 2975; baseline 0.008 -23"><span class='ocrx_word' id='word_1_347' title='bbox 398 2930 444 2968; x_wconf 68' lang='lat'>31)</span> <span class='ocrx_word' id='word_1_348' title='bbox 491 2930 588 2969; x_wconf 86' lang='lat' dir='ltr'>Quod</span> <span class='ocrx_word' id='word_1_349' title='bbox 621 2940 641 2963; x_wconf 81' lang='lat' dir='ltr'>a</span> <span class='ocrx_word' id='word_1_350' title='bbox 666 2931 814 2973; x_wconf 77' lang='lat' dir='ltr'>Pregero</span> <span class='ocrx_word' id='word_1_351' title='bbox 837 2936 946 2974; x_wconf 80' lang='lat' dir='ltr'>atque</span> <span class='ocrx_word' id='word_1_352' title='bbox 972 2932 1160 2965; x_wconf 80' lang='lat' dir='ltr'>llauvettio</span> <span class='ocrx_word' id='word_1_353' title='bbox 1183 2937 1366 2975; x_wconf 82' lang='lat' dir='ltr'>acceptum</span> <span class='ocrx_word' id='word_1_354' title='bbox 1392 2943 1461 2965; x_wconf 87' lang='lat' dir='ltr'>non</span> <span class='ocrx_word' id='word_1_355' title='bbox 1486 2943 1562 2966; x_wconf 82' lang='lat' dir='ltr'>esse</span> <span class='ocrx_word' id='word_1_356' title='bbox 1586 2934 1672 2965; x_wconf 80' lang='lat' dir='ltr'>satis</span> <span class='ocrx_word' id='word_1_357' title='bbox 1697 2933 1817 2965; x_wconf 86' lang='lat' dir='ltr'>mirari</span> <span class='ocrx_word' id='word_1_358' title='bbox 1840 2941 1991 2975; x_wconf 77' lang='lat' dir='ltr'>nequeo.</span> 
     </span>
     <span class='ocr_line' id='line_1_43' title="bbox 357 2986 1992 3031; baseline 0.002 -13"><span class='ocrx_word' id='word_1_359' title='bbox 357 2986 483 3027; x_wconf 67' lang='lat' dir='ltr'>Pn’ger</span> <span class='ocrx_word' id='word_1_360' title='bbox 506 2991 685 3028; x_wconf 61' lang='lat' dir='ltr'>praeterea</span> <span class='ocrx_word' id='word_1_361' title='bbox 707 2987 808 3019; x_wconf 72' lang='lat' dir='ltr'>linxit</span> <span class='ocrx_word' id='word_1_362' title='bbox 829 2992 1005 3020; x_wconf 73' lang='lat' dir='ltr'>matronas</span> <span class='ocrx_word' id='word_1_363' title='bbox 1026 2989 1118 3031; x_wconf 77' lang='lat' dir='ltr'>ipsas</span> <span class='ocrx_word' id='word_1_364' title='bbox 1137 2989 1323 3021; x_wconf 75' lang='lat' dir='ltr'>donarium</span> <span class='ocrx_word' id='word_1_365' title='bbox 1345 2989 1541 3030; x_wconf 79' lang='lat' dir='ltr'>dedicasse,</span> <span class='ocrx_word' id='word_1_366' title='bbox 1566 2999 1635 3022; x_wconf 86' lang='lat' dir='ltr'>non</span> <span class='ocrx_word' id='word_1_367' title='bbox 1656 2989 1866 3022; x_wconf 79' lang='lat' dir='ltr'>Corinthios.</span> <span class='ocrx_word' id='word_1_368' title='bbox 1891 2988 1992 3031; x_wconf 77' lang='lat' dir='ltr'>Legit</span> 
     </span>
     <span class='ocr_line' id='line_1_44' title="bbox 353 3040 1991 3088; baseline 0.002 -14"><span class='ocrx_word' id='word_1_369' title='bbox 353 3044 446 3075; x_wconf 74' lang='lat' dir='ltr'>onim</span> <span class='ocrx_word' id='word_1_370' title='bbox 477 3040 550 3075; x_wconf 67' lang='grc' dir='ltr'>(ἠδ’</span> <span class='ocrx_word' id='word_1_371' title='bbox 579 3069 586 3074; x_wconf 94' lang='grc'>.</span> <span class='ocrx_word' id='word_1_372' title='bbox 614 3069 619 3074; x_wconf 96' lang='grc'><em>.</em></span> <span class='ocrx_word' id='word_1_373' title='bbox 648 3069 654 3074; x_wconf 96' lang='grc'>.</span> <span class='ocrx_word' id='word_1_374' title='bbox 682 3069 688 3074; x_wconf 96' lang='grc'>.</span> <span class='ocrx_word' id='word_1_375' title='bbox 720 3042 867 3077; x_wconf 79' lang='grc' dir='ltr'><em>ἔστασαν</em></span> <span class='ocrx_word' id='word_1_376' title='bbox 897 3046 1005 3087; x_wconf 80' lang='lat' dir='ltr'>(quod</span> <span class='ocrx_word' id='word_1_377' title='bbox 1041 3050 1178 3087; x_wconf 70' lang='lat' dir='ltr'>metam</span> <span class='ocrx_word' id='word_1_378' title='bbox 1213 3056 1275 3088; x_wconf 89' lang='lat' dir='ltr'>pro</span> <span class='ocrx_word' id='word_1_379' title='bbox 1306 3043 1454 3088; x_wconf 66' lang='grc' dir='ltr'><em>ἔστησαν</em></span> <span class='ocrx_word' id='word_1_380' title='bbox 1481 3046 1607 3078; x_wconf 82' lang='lat' dir='ltr'>dixisse</span> <span class='ocrx_word' id='word_1_381' title='bbox 1630 3050 1768 3086; x_wconf 76' lang='lat' dir='ltr'>censet,</span> <span class='ocrx_word' id='word_1_382' title='bbox 1799 3046 1843 3079; x_wconf 78' lang='lat' dir='ltr'>cf.</span> <span class='ocrx_word' id='word_1_383' title='bbox 1866 3043 1991 3087; x_wconf 72' lang='lat'><strong>5120)</strong></span> 
     </span>
    </p>
   </div>
   <div class='ocr_carea' id='block_1_16' title="bbox 356 3099 2055 3142">
    <p class='ocr_par' dir='ltr' id='par_1_17' title="bbox 356 3099 2055 3142">
     <span class='ocr_line' id='line_1_45' title="bbox 356 3099 2055 3142; baseline 0.003 -13"><span class='ocrx_word' id='word_1_384' title='bbox 356 3099 563 3141; x_wconf 69' lang='lat' dir='ltr'>putavitque</span> <span class='ocrx_word' id='word_1_385' title='bbox 588 3101 803 3142; x_wconf 81' lang='lat' dir='ltr'>inscriptioni</span> <span class='ocrx_word' id='word_1_386' title='bbox 827 3101 999 3134; x_wconf 81' lang='lat' dir='ltr'>adiectam</span> <span class='ocrx_word' id='word_1_387' title='bbox 1023 3102 1130 3134; x_wconf 77' lang='lat' dir='ltr'>fuisse</span> <span class='ocrx_word' id='word_1_388' title='bbox 1149 3102 1276 3135; x_wconf 85' lang='lat' dir='ltr'>seriem</span> <span class='ocrx_word' id='word_1_389' title='bbox 1297 3099 1494 3134; x_wconf 87' lang='lat' dir='ltr'>‘nominum</span> <span class='ocrx_word' id='word_1_390' title='bbox 1511 3102 1703 3134; x_wconf 83' lang='lat' dir='ltr'>mulierum</span> <span class='ocrx_word' id='word_1_391' title='bbox 1718 3099 1989 3134; x_wconf 73' lang='lat' dir='ltr'>dedimmium&#39;.</span> <span class='ocrx_word' id='word_1_392' title='bbox 2041 3102 2055 3118; x_wconf 66' lang='lat'><strong>²</strong></span> 
     </span>
    </p>
   </div>
  </div>
 </body>
</html>
