<?xml version="1.0" encoding="UTF-8"?>
<!DOCTYPE html PUBLIC "-//W3C//DTD XHTML 1.0 Transitional//EN"
    "http://www.w3.org/TR/xhtml1/DTD/xhtml1-transitional.dtd">
<html xmlns="http://www.w3.org/1999/xhtml" xml:lang="en" lang="en">
 <head>
  <title>
</title>
<meta http-equiv="Content-Type" content="text/html;charset=utf-8" />
  <meta name='ocr-system' content='tesseract 3.04.00' />
  <meta name='ocr-capabilities' content='ocr_page ocr_carea ocr_par ocr_line ocrx_word'/>
</head>
<body>
  <div class='ocr_page' id='page_1' title='image "./deepigrammatasim00boasuoft_0198.png"; bbox 0 0 2072 3568; ppageno 0'>
   <div class='ocr_carea' id='block_1_1' title="bbox 1835 142 1864 162">
    <p class='ocr_par' dir='ltr' id='par_1_1' title="bbox 1835 142 1864 162">
     <span class='ocr_line' id='line_1_1' title="bbox 1835 142 1864 162; baseline 0 0"><span class='ocrx_word' id='word_1_1' title='bbox 1835 142 1864 162; x_wconf 62' lang='lat'><em>0</em></span> 
     </span>
    </p>
   </div>
   <div class='ocr_carea' id='block_1_2' title="bbox 371 200 1227 255">
    <p class='ocr_par' dir='ltr' id='par_1_2' title="bbox 371 200 1227 255">
     <span class='ocr_line' id='line_1_2' title="bbox 371 200 1227 255; baseline -0.002 -11"><span class='ocrx_word' id='word_1_2' title='bbox 371 205 471 255; x_wconf 85' lang='lat' dir='ltr'><strong>Cap.</strong></span> <span class='ocrx_word' id='word_1_3' title='bbox 506 201 572 244; x_wconf 94' lang='lat'><strong>111</strong></span> <span class='ocrx_word' id='word_1_4' title='bbox 586 234 596 254; x_wconf 96' lang='lat'><strong>,</strong></span> <span class='ocrx_word' id='word_1_5' title='bbox 632 203 692 243; x_wconf 86' lang='lat'><strong>19.</strong></span> <span class='ocrx_word' id='word_1_6' title='bbox 1153 200 1227 242; x_wconf 85' lang='grc'><strong>176</strong></span> 
     </span>
    </p>
   </div>
   <div class='ocr_carea' id='block_1_3' title="bbox 369 325 2015 2590">
    <p class='ocr_par' dir='ltr' id='par_1_3' title="bbox 369 325 2011 642">
     <span class='ocr_line' id='line_1_3' title="bbox 422 325 2011 379; baseline 0.002 -12"><span class='ocrx_word' id='word_1_7' title='bbox 422 342 464 369; x_wconf 81' lang='lat' dir='ltr'><strong>a.</strong></span> <span class='ocrx_word' id='word_1_8' title='bbox 524 332 643 375; x_wconf 83' lang='lat' dir='ltr'><strong>Quae</strong></span> <span class='ocrx_word' id='word_1_9' title='bbox 679 341 773 379; x_wconf 88' lang='lat' dir='ltr'><strong>epp.</strong></span> <span class='ocrx_word' id='word_1_10' title='bbox 813 339 1027 378; x_wconf 87' lang='lat' dir='ltr'><strong>anonyma</strong></span> <span class='ocrx_word' id='word_1_11' title='bbox 1066 338 1116 366; x_wconf 90' lang='lat' dir='ltr'><strong>ex</strong></span> <span class='ocrx_word' id='word_1_12' title='bbox 1156 326 1465 378; x_wconf 76' lang='lat' dir='ltr'>scriptoribus,</span> <span class='ocrx_word' id='word_1_13' title='bbox 1506 327 1709 378; x_wconf 85' lang='lat' dir='ltr'><strong>quiante</strong></span> <span class='ocrx_word' id='word_1_14' title='bbox 1736 325 2011 370; x_wconf 69' lang='lat' dir='ltr'><strong>collectorem</strong></span> 
     </span>
     <span class='ocr_line' id='line_1_4' title="bbox 373 392 2011 444; baseline 0.001 -10"><span class='ocrx_word' id='word_1_15' title='bbox 373 396 594 444; x_wconf 82' lang='lat' dir='ltr'><strong>vixerunt,</strong></span> <span class='ocrx_word' id='word_1_16' title='bbox 650 397 818 433; x_wconf 83' lang='lat' dir='ltr'><strong>servata</strong></span> <span class='ocrx_word' id='word_1_17' title='bbox 871 396 972 433; x_wconf 86' lang='lat' dir='ltr'><strong>sunt</strong></span> <span class='ocrx_word' id='word_1_18' title='bbox 1023 394 1118 443; x_wconf 86' lang='grc' dir='ltr'><strong>(Α),</strong></span> <span class='ocrx_word' id='word_1_19' title='bbox 1175 393 1216 432; x_wconf 86' lang='lat' dir='ltr'><strong>in</strong></span> <span class='ocrx_word' id='word_1_20' title='bbox 1267 393 1393 432; x_wconf 82' lang='lat' dir='ltr'><strong>Anth.</strong></span> <span class='ocrx_word' id='word_1_21' title='bbox 1448 392 1536 432; x_wconf 86' lang='lat' dir='ltr'><strong>Pal.</strong></span> <span class='ocrx_word' id='word_1_22' title='bbox 1587 396 1728 433; x_wconf 83' lang='lat' dir='ltr'><strong>autem</strong></span> <span class='ocrx_word' id='word_1_23' title='bbox 1778 392 2011 435; x_wconf 76' lang='lat' dir='ltr'><strong>Simonidis</strong></span> 
     </span>
     <span class='ocr_line' id='line_1_5' title="bbox 371 457 2007 511; baseline 0.001 -12"><span class='ocrx_word' id='word_1_24' title='bbox 371 461 539 499; x_wconf 87' lang='lat' dir='ltr'><strong>nomine</strong></span> <span class='ocrx_word' id='word_1_25' title='bbox 576 460 783 498; x_wconf 83' lang='lat' dir='ltr'><strong>instructa</strong></span> <span class='ocrx_word' id='word_1_26' title='bbox 822 462 951 509; x_wconf 87' lang='lat' dir='ltr'><strong>atque</strong></span> <span class='ocrx_word' id='word_1_27' title='bbox 989 458 1240 509; x_wconf 87' lang='lat' dir='ltr'><strong>plerumque</strong></span> <span class='ocrx_word' id='word_1_28' title='bbox 1269 458 1312 497; x_wconf 92' lang='lat' dir='ltr'><strong>in</strong></span> <span class='ocrx_word' id='word_1_29' title='bbox 1341 461 1459 497; x_wconf 84' lang='lat' dir='ltr'><strong>textu</strong></span> <span class='ocrx_word' id='word_1_30' title='bbox 1490 461 1654 498; x_wconf 81' lang='lat' dir='ltr'><strong>mutato</strong></span> <span class='ocrx_word' id='word_1_31' title='bbox 1681 458 1885 511; x_wconf 70' lang='lat' dir='ltr'><strong>leguntur</strong></span> <span class='ocrx_word' id='word_1_32' title='bbox 1912 457 2007 511; x_wconf 83' lang='lat' dir='ltr'><strong>(S),</strong></span> 
     </span>
     <span class='ocr_line' id='line_1_6' title="bbox 369 523 2007 575; baseline 0 -10"><span class='ocrx_word' id='word_1_33' title='bbox 369 538 416 565; x_wconf 86' lang='lat' dir='ltr'><strong>ea</strong></span> <span class='ocrx_word' id='word_1_34' title='bbox 456 526 496 564; x_wconf 91' lang='lat' dir='ltr'><strong>in</strong></span> <span class='ocrx_word' id='word_1_35' title='bbox 533 525 615 564; x_wconf 79' lang='grc' dir='ltr'><strong>ΑΡ.</strong></span> <span class='ocrx_word' id='word_1_36' title='bbox 654 536 705 564; x_wconf 87' lang='lat' dir='ltr'><strong>ex</strong></span> <span class='ocrx_word' id='word_1_37' title='bbox 744 526 836 575; x_wconf 89' lang='lat' dir='ltr'><strong>ipsa</strong></span> <span class='ocrx_word' id='word_1_38' title='bbox 879 524 1050 574; x_wconf 82' lang='lat' dir='ltr'><strong>Sylloge</strong></span> <span class='ocrx_word' id='word_1_39' title='bbox 1091 524 1333 564; x_wconf 72' lang='lat' dir='ltr'><strong>Simoniden</strong></span> <span class='ocrx_word' id='word_1_40' title='bbox 1373 527 1606 574; x_wconf 80' lang='lat' dir='ltr'><strong>propagata</strong></span> <span class='ocrx_word' id='word_1_41' title='bbox 1643 523 1856 565; x_wconf 75' lang='lat' dir='ltr'><strong>censenda</strong></span> <span class='ocrx_word' id='word_1_42' title='bbox 1889 525 2007 565; x_wconf 68' lang='lat' dir='ltr'><strong>flunt.</strong></span> 
     </span>
     <span class='ocr_line' id='line_1_7' title="bbox 370 591 893 642; baseline 0 -12"><span class='ocrx_word' id='word_1_43' title='bbox 370 592 433 631; x_wconf 80' lang='lat' dir='ltr'><strong>Gi.</strong></span> <span class='ocrx_word' id='word_1_44' title='bbox 465 591 490 642; x_wconf 66' lang='grc' dir='ltr'>ξ</span> <span class='ocrx_word' id='word_1_45' title='bbox 521 591 585 630; x_wconf 88' lang='grc'><strong>99.</strong></span> <span class='ocrx_word' id='word_1_46' title='bbox 889 608 893 611; x_wconf 86' lang='grc'><em>·</em></span> 
     </span>
    </p>

    <p class='ocr_par' dir='ltr' id='par_1_4' title="bbox 369 654 2013 1230">
     <span class='ocr_line' id='line_1_8' title="bbox 423 654 2011 707; baseline 0 -12"><span class='ocrx_word' id='word_1_47' title='bbox 423 656 462 696; x_wconf 79' lang='grc' dir='ltr'><strong>Ι).</strong></span> <span class='ocrx_word' id='word_1_48' title='bbox 525 657 695 696; x_wconf 81' lang='lat' dir='ltr'><strong>Praeter</strong></span> <span class='ocrx_word' id='word_1_49' title='bbox 736 668 831 707; x_wconf 87' lang='lat' dir='ltr'><strong>epp.</strong></span> <span class='ocrx_word' id='word_1_50' title='bbox 876 656 1119 696; x_wconf 90' lang='lat' dir='ltr'><strong>Simonidea</strong></span> <span class='ocrx_word' id='word_1_51' title='bbox 1162 656 1356 706; x_wconf 86' lang='lat' dir='ltr'><strong>dispersa</strong></span> <span class='ocrx_word' id='word_1_52' title='bbox 1400 656 1482 695; x_wconf 81' lang='grc' dir='ltr'><strong>ΑΡ.</strong></span> <span class='ocrx_word' id='word_1_53' title='bbox 1524 656 1710 695; x_wconf 81' lang='lat' dir='ltr'><strong>continet</strong></span> <span class='ocrx_word' id='word_1_54' title='bbox 1750 655 1885 696; x_wconf 71' lang='lat' dir='ltr'><strong>serie·</strong></span> <span class='ocrx_word' id='word_1_55' title='bbox 1924 654 2011 707; x_wconf 80' lang='lat' dir='ltr'><strong>epi·</strong></span> 
     </span>
     <span class='ocr_line' id='line_1_9' title="bbox 370 717 2007 773; baseline 0 -12"><span class='ocrx_word' id='word_1_56' title='bbox 370 726 655 773; x_wconf 83' lang='lat' dir='ltr'><strong>grammatum</strong></span> <span class='ocrx_word' id='word_1_57' title='bbox 701 722 1043 761; x_wconf 87' lang='lat' dir='ltr'><strong>Simonideorum</strong></span> <span class='ocrx_word' id='word_1_58' title='bbox 1086 722 1312 761; x_wconf 89' lang='lat' dir='ltr'><strong>continuas</strong></span> <span class='ocrx_word' id='word_1_59' title='bbox 1354 724 1441 761; x_wconf 86' lang='lat' dir='ltr'><strong>tres</strong></span> <span class='ocrx_word' id='word_1_60' title='bbox 1486 720 1582 772; x_wconf 88' lang='lat' dir='ltr'><strong>(VI.</strong></span> <span class='ocrx_word' id='word_1_61' title='bbox 1623 719 1862 768; x_wconf 83' lang='lat'><strong>212-—217;</strong></span> <span class='ocrx_word' id='word_1_62' title='bbox 1906 717 2007 763; x_wconf 81' lang='lat' dir='ltr'><strong>Vn.</strong></span> 
     </span>
     <span class='ocr_line' id='line_1_10' title="bbox 370 785 2011 838; baseline 0 -12"><span class='ocrx_word' id='word_1_63' title='bbox 370 787 582 827; x_wconf 71' lang='lat'>248—-258</span> <span class='ocrx_word' id='word_1_64' title='bbox 610 788 757 837; x_wconf 79' lang='lat' dir='ltr'><strong>paucis</strong></span> <span class='ocrx_word' id='word_1_65' title='bbox 787 788 934 827; x_wconf 89' lang='lat' dir='ltr'><strong>alienis</strong></span> <span class='ocrx_word' id='word_1_66' title='bbox 958 799 1053 838; x_wconf 89' lang='lat' dir='ltr'><strong>epp.</strong></span> <span class='ocrx_word' id='word_1_67' title='bbox 1081 787 1355 835; x_wconf 82' lang='lat' dir='ltr'><strong>intermixtis;</strong></span> <span class='ocrx_word' id='word_1_68' title='bbox 1389 785 1487 827; x_wconf 92' lang='lat' dir='ltr'><strong>VII.</strong></span> <span class='ocrx_word' id='word_1_69' title='bbox 1507 785 1753 836; x_wconf 77' lang='lat'><strong>507—516).</strong></span> <span class='ocrx_word' id='word_1_70' title='bbox 1786 785 2011 836; x_wconf 79' lang='lat' dir='ltr'><strong>Inquiren-</strong></span> 
     </span>
     <span class='ocr_line' id='line_1_11' title="bbox 369 850 2008 903; baseline -0.001 -10"><span class='ocrx_word' id='word_1_71' title='bbox 369 855 470 893; x_wconf 89' lang='lat' dir='ltr'><strong>dum</strong></span> <span class='ocrx_word' id='word_1_72' title='bbox 500 855 564 892; x_wconf 90' lang='lat' dir='ltr'><strong>est</strong></span> <span class='ocrx_word' id='word_1_73' title='bbox 595 853 802 903; x_wconf 88' lang='lat' dir='ltr'><strong>primum,</strong></span> <span class='ocrx_word' id='word_1_74' title='bbox 836 865 939 892; x_wconf 89' lang='lat' dir='ltr'><strong>num</strong></span> <span class='ocrx_word' id='word_1_75' title='bbox 970 853 1060 892; x_wconf 88' lang='lat' dir='ltr'><strong>sive</strong></span> <span class='ocrx_word' id='word_1_76' title='bbox 1087 865 1206 903; x_wconf 89' lang='lat' dir='ltr'><strong>epp.,</strong></span> <span class='ocrx_word' id='word_1_77' title='bbox 1239 864 1351 902; x_wconf 89' lang='lat' dir='ltr'><strong>quae</strong></span> <span class='ocrx_word' id='word_1_78' title='bbox 1379 853 1421 891; x_wconf 88' lang='lat' dir='ltr'><strong>hi</strong></span> <span class='ocrx_word' id='word_1_79' title='bbox 1449 853 1623 892; x_wconf 86' lang='lat' dir='ltr'><strong>ordines</strong></span> <span class='ocrx_word' id='word_1_80' title='bbox 1648 850 2008 902; x_wconf 69' lang='lat' dir='ltr'><strong>complectuntur,</strong></span> 
     </span>
     <span class='ocr_line' id='line_1_12' title="bbox 369 916 2013 967; baseline -0.001 -9"><span class='ocrx_word' id='word_1_81' title='bbox 369 920 510 958; x_wconf 86' lang='lat' dir='ltr'><strong>omnia</strong></span> <span class='ocrx_word' id='word_1_82' title='bbox 554 919 645 957; x_wconf 90' lang='lat' dir='ltr'><strong>sive</strong></span> <span class='ocrx_word' id='word_1_83' title='bbox 686 919 834 957; x_wconf 89' lang='lat' dir='ltr'><strong>saltem</strong></span> <span class='ocrx_word' id='word_1_84' title='bbox 876 930 1024 957; x_wconf 89' lang='lat' dir='ltr'><strong>eorum</strong></span> <span class='ocrx_word' id='word_1_85' title='bbox 1064 918 1241 957; x_wconf 90' lang='lat' dir='ltr'><strong>nucleus</strong></span> <span class='ocrx_word' id='word_1_86' title='bbox 1280 929 1355 967; x_wconf 87' lang='lat' dir='ltr'><strong>per</strong></span> <span class='ocrx_word' id='word_1_87' title='bbox 1394 917 1672 967; x_wconf 71' lang='lat' dir='ltr'><strong>Meleagream</strong></span> <span class='ocrx_word' id='word_1_88' title='bbox 1710 916 1922 957; x_wconf 79' lang='lat' dir='ltr'><strong>Coronam</strong></span> <span class='ocrx_word' id='word_1_89' title='bbox 1957 926 2013 956; x_wconf 80' lang='lat' dir='ltr'><strong>ex</strong></span> 
     </span>
     <span class='ocr_line' id='line_1_13' title="bbox 373 980 2011 1034; baseline -0.001 -11"><span class='ocrx_word' id='word_1_90' title='bbox 373 985 544 1034; x_wconf 84' lang='lat' dir='ltr'><strong>Sylloge</strong></span> <span class='ocrx_word' id='word_1_91' title='bbox 583 983 686 1022; x_wconf 86' lang='lat' dir='ltr'><strong>Sim.</strong></span> <span class='ocrx_word' id='word_1_92' title='bbox 725 984 767 1022; x_wconf 91' lang='lat' dir='ltr'><strong>in</strong></span> <span class='ocrx_word' id='word_1_93' title='bbox 798 984 924 1022; x_wconf 82' lang='lat' dir='ltr'><strong>Anth.</strong></span> <span class='ocrx_word' id='word_1_94' title='bbox 954 983 1083 1033; x_wconf 86' lang='lat' dir='ltr'><strong>Ceph.</strong></span> <span class='ocrx_word' id='word_1_95' title='bbox 1114 985 1242 1033; x_wconf 87' lang='lat' dir='ltr'><strong>atque</strong></span> <span class='ocrx_word' id='word_1_96' title='bbox 1272 983 1359 1022; x_wconf 84' lang='lat' dir='ltr'><strong>Pal.</strong></span> <span class='ocrx_word' id='word_1_97' title='bbox 1389 982 1651 1033; x_wconf 85' lang='lat' dir='ltr'><strong>pervenerit,</strong></span> <span class='ocrx_word' id='word_1_98' title='bbox 1690 980 1865 1032; x_wconf 84' lang='lat' dir='ltr'><strong>deinde,</strong></span> <span class='ocrx_word' id='word_1_99' title='bbox 1905 991 2011 1022; x_wconf 77' lang='lat' dir='ltr'><strong>num</strong></span> 
     </span>
     <span class='ocr_line' id='line_1_14' title="bbox 370 1046 2012 1099; baseline -0.001 -10"><span class='ocrx_word' id='word_1_100' title='bbox 370 1051 448 1089; x_wconf 87' lang='lat' dir='ltr'><strong>alia</strong></span> <span class='ocrx_word' id='word_1_101' title='bbox 491 1049 756 1099; x_wconf 74' lang='lat' dir='ltr'><strong>Simoniden,</strong></span> <span class='ocrx_word' id='word_1_102' title='bbox 799 1049 840 1087; x_wconf 90' lang='lat' dir='ltr'><strong>in</strong></span> <span class='ocrx_word' id='word_1_103' title='bbox 880 1049 964 1088; x_wconf 83' lang='grc' dir='ltr'><strong>ΑΡ.</strong></span> <span class='ocrx_word' id='word_1_104' title='bbox 1002 1060 1086 1087; x_wconf 90' lang='lat' dir='ltr'><strong>non</strong></span> <span class='ocrx_word' id='word_1_105' title='bbox 1116 1049 1301 1098; x_wconf 89' lang='lat' dir='ltr'><strong>amplius</strong></span> <span class='ocrx_word' id='word_1_106' title='bbox 1328 1048 1539 1097; x_wconf 77' lang='lat' dir='ltr'><strong>extantia,</strong></span> <span class='ocrx_word' id='word_1_107' title='bbox 1580 1049 1681 1087; x_wconf 84' lang='lat' dir='ltr'><strong>ante</strong></span> <span class='ocrx_word' id='word_1_108' title='bbox 1708 1046 1937 1098; x_wconf 66' lang='lat' dir='ltr'><strong>Cephalum</strong></span> <span class='ocrx_word' id='word_1_109' title='bbox 1965 1046 2012 1087; x_wconf 79' lang='lat' dir='ltr'><strong>ln</strong></span> 
     </span>
     <span class='ocr_line' id='line_1_15' title="bbox 370 1113 2011 1164; baseline -0.002 -10"><span class='ocrx_word' id='word_1_110' title='bbox 370 1116 451 1154; x_wconf 89' lang='lat' dir='ltr'><strong>illis</strong></span> <span class='ocrx_word' id='word_1_111' title='bbox 489 1115 735 1164; x_wconf 88' lang='lat' dir='ltr'><strong>ordinibus,</strong></span> <span class='ocrx_word' id='word_1_112' title='bbox 777 1117 991 1164; x_wconf 81' lang='lat' dir='ltr'><strong>quatenus</strong></span> <span class='ocrx_word' id='word_1_113' title='bbox 1028 1126 1101 1152; x_wconf 88' lang='lat' dir='ltr'><strong>eos</strong></span> <span class='ocrx_word' id='word_1_114' title='bbox 1139 1125 1190 1152; x_wconf 87' lang='lat' dir='ltr'><strong>ex</strong></span> <span class='ocrx_word' id='word_1_115' title='bbox 1230 1113 1441 1163; x_wconf 83' lang='lat' dir='ltr'><strong>Meleagro</strong></span> <span class='ocrx_word' id='word_1_116' title='bbox 1478 1113 1728 1163; x_wconf 77' lang='lat' dir='ltr'><strong>desumptus</strong></span> <span class='ocrx_word' id='word_1_117' title='bbox 1758 1122 1856 1152; x_wconf 82' lang='lat' dir='ltr'><strong>esse</strong></span> <span class='ocrx_word' id='word_1_118' title='bbox 1881 1120 2011 1163; x_wconf 73' lang='lat' dir='ltr'><strong>appe·</strong></span> 
     </span>
     <span class='ocr_line' id='line_1_16' title="bbox 371 1177 1634 1230; baseline -0.002 -11"><span class='ocrx_word' id='word_1_119' title='bbox 371 1181 524 1230; x_wconf 87' lang='lat' dir='ltr'><strong>ruerit,</strong></span> <span class='ocrx_word' id='word_1_120' title='bbox 562 1181 700 1219; x_wconf 91' lang='lat' dir='ltr'><strong>locum</strong></span> <span class='ocrx_word' id='word_1_121' title='bbox 731 1180 935 1219; x_wconf 87' lang='lat' dir='ltr'><strong>habuisse</strong></span> <span class='ocrx_word' id='word_1_122' title='bbox 964 1179 1203 1218; x_wconf 88' lang='lat' dir='ltr'><strong>videantur.</strong></span> <span class='ocrx_word' id='word_1_123' title='bbox 1251 1179 1315 1218; x_wconf 74' lang='lat' dir='ltr'><strong>Cf.</strong></span> <span class='ocrx_word' id='word_1_124' title='bbox 1350 1177 1377 1230; x_wconf 65' lang='grc' dir='ltr'>ἓ</span> <span class='ocrx_word' id='word_1_125' title='bbox 1411 1177 1634 1217; x_wconf 85' lang='lat' dir='ltr'><strong>loo—102.</strong></span> 
     </span>
    </p>

    <p class='ocr_par' dir='ltr' id='par_1_5' title="bbox 369 1242 2015 2340">
     <span class='ocr_line' id='line_1_17' title="bbox 422 1242 2013 1295; baseline -0.002 -10"><span class='ocrx_word' id='word_1_126' title='bbox 422 1258 455 1285; x_wconf 83' lang='lat' dir='ltr'><strong>c.</strong></span> <span class='ocrx_word' id='word_1_127' title='bbox 516 1246 704 1284; x_wconf 87' lang='lat' dir='ltr'><strong>Tertium</strong></span> <span class='ocrx_word' id='word_1_128' title='bbox 733 1245 935 1284; x_wconf 90' lang='lat' dir='ltr'><strong>indicium</strong></span> <span class='ocrx_word' id='word_1_129' title='bbox 966 1245 1322 1295; x_wconf 87' lang='lat' dir='ltr'><strong>adipisceremur,</strong></span> <span class='ocrx_word' id='word_1_130' title='bbox 1355 1244 1390 1283; x_wconf 91' lang='lat' dir='ltr'><strong>si</strong></span> <span class='ocrx_word' id='word_1_131' title='bbox 1421 1244 1463 1283; x_wconf 90' lang='lat' dir='ltr'><strong>in</strong></span> <span class='ocrx_word' id='word_1_132' title='bbox 1492 1243 1576 1283; x_wconf 79' lang='grc' dir='ltr'><strong>ΑΡ.</strong></span> <span class='ocrx_word' id='word_1_133' title='bbox 1609 1253 1747 1282; x_wconf 88' lang='lat' dir='ltr'><strong>unum</strong></span> <span class='ocrx_word' id='word_1_134' title='bbox 1773 1242 2013 1282; x_wconf 73' lang='lat' dir='ltr'><strong>alterumve</strong></span> 
     </span>
     <span class='ocr_line' id='line_1_18' title="bbox 369 1306 2011 1360; baseline -0.002 -10"><span class='ocrx_word' id='word_1_135' title='bbox 369 1313 586 1350; x_wconf 88' lang='lat' dir='ltr'><strong>servatum</strong></span> <span class='ocrx_word' id='word_1_136' title='bbox 615 1313 726 1349; x_wconf 88' lang='lat' dir='ltr'><strong>esset</strong></span> <span class='ocrx_word' id='word_1_137' title='bbox 754 1322 838 1359; x_wconf 91' lang='lat' dir='ltr'><strong>ep.,</strong></span> <span class='ocrx_word' id='word_1_138' title='bbox 870 1309 985 1359; x_wconf 90' lang='lat' dir='ltr'><strong>quod</strong></span> <span class='ocrx_word' id='word_1_139' title='bbox 1015 1321 1039 1348; x_wconf 89' lang='lat' dir='ltr'><strong>a</strong></span> <span class='ocrx_word' id='word_1_140' title='bbox 1068 1307 1294 1360; x_wconf 72' lang='lat' dir='ltr'><strong>scriptore</strong></span> <span class='ocrx_word' id='word_1_141' title='bbox 1321 1309 1465 1358; x_wconf 88' lang='lat' dir='ltr'><strong>aliquo</strong></span> <span class='ocrx_word' id='word_1_142' title='bbox 1492 1308 1536 1347; x_wconf 91' lang='lat' dir='ltr'><strong>in</strong></span> <span class='ocrx_word' id='word_1_143' title='bbox 1569 1308 1742 1359; x_wconf 78' lang='lat' dir='ltr'><strong>Sylloge</strong></span> <span class='ocrx_word' id='word_1_144' title='bbox 1766 1306 2011 1348; x_wconf 75' lang='lat' dir='ltr'><strong>Simoniden</strong></span> 
     </span>
     <span class='ocr_line' id='line_1_19' title="bbox 369 1372 2014 1426; baseline -0.001 -11"><span class='ocrx_word' id='word_1_145' title='bbox 369 1377 459 1426; x_wconf 90' lang='lat' dir='ltr'><strong>ipsa</strong></span> <span class='ocrx_word' id='word_1_146' title='bbox 497 1377 651 1415; x_wconf 90' lang='lat' dir='ltr'><strong>lectum</strong></span> <span class='ocrx_word' id='word_1_147' title='bbox 688 1387 782 1414; x_wconf 89' lang='lat' dir='ltr'><strong>esse</strong></span> <span class='ocrx_word' id='word_1_148' title='bbox 818 1377 997 1414; x_wconf 86' lang='lat' dir='ltr'><strong>constat.</strong></span> <span class='ocrx_word' id='word_1_149' title='bbox 1044 1375 1256 1420; x_wconf 88' lang='lat' dir='ltr'><strong>Quoniam</strong></span> <span class='ocrx_word' id='word_1_150' title='bbox 1293 1377 1435 1414; x_wconf 88' lang='lat' dir='ltr'><strong>autem</strong></span> <span class='ocrx_word' id='word_1_151' title='bbox 1464 1386 1578 1424; x_wconf 64' lang='lat' dir='ltr'><strong>epp„</strong></span> <span class='ocrx_word' id='word_1_152' title='bbox 1619 1385 1731 1424; x_wconf 88' lang='lat' dir='ltr'><strong>quae</strong></span> <span class='ocrx_word' id='word_1_153' title='bbox 1756 1384 1810 1414; x_wconf 86' lang='lat' dir='ltr'><strong>ex</strong></span> <span class='ocrx_word' id='word_1_154' title='bbox 1839 1372 2014 1424; x_wconf 78' lang='lat' dir='ltr'><strong>Sylloge</strong></span> 
     </span>
     <span class='ocr_line' id='line_1_20' title="bbox 370 1435 2009 1491; baseline 0 -11"><span class='ocrx_word' id='word_1_155' title='bbox 370 1453 393 1480; x_wconf 90' lang='lat' dir='ltr'><strong>a</strong></span> <span class='ocrx_word' id='word_1_156' title='bbox 437 1441 717 1491; x_wconf 78' lang='lat' dir='ltr'><strong>scriptoribus</strong></span> <span class='ocrx_word' id='word_1_157' title='bbox 761 1439 961 1479; x_wconf 78' lang='lat' dir='ltr'><strong>laudata</strong></span> <span class='ocrx_word' id='word_1_158' title='bbox 1000 1451 1095 1479; x_wconf 88' lang='lat' dir='ltr'><strong>esse</strong></span> <span class='ocrx_word' id='word_1_159' title='bbox 1136 1440 1296 1479; x_wconf 88' lang='lat' dir='ltr'><strong>scimus</strong></span> <span class='ocrx_word' id='word_1_160' title='bbox 1336 1439 1419 1490; x_wconf 87' lang='lat' dir='ltr'><strong>(ep.</strong></span> <span class='ocrx_word' id='word_1_161' title='bbox 1456 1439 1531 1479; x_wconf 88' lang='grc'><strong>137</strong></span> <span class='ocrx_word' id='word_1_162' title='bbox 1568 1451 1593 1479; x_wconf 90' lang='lat' dir='ltr'><strong>a</strong></span> <span class='ocrx_word' id='word_1_163' title='bbox 1631 1439 1824 1490; x_wconf 82' lang='lat' dir='ltr'><strong>Timaeo,</strong></span> <span class='ocrx_word' id='word_1_164' title='bbox 1870 1435 1906 1491; x_wconf 63' lang='grc'>9</span> <span class='ocrx_word' id='word_1_165' title='bbox 1936 1437 2009 1487; x_wconf 75' lang='lat'><strong>82;</strong></span> 
     </span>
     <span class='ocr_line' id='line_1_21' title="bbox 369 1504 2008 1557; baseline 0.001 -13"><span class='ocrx_word' id='word_1_166' title='bbox 369 1518 434 1557; x_wconf 91' lang='lat' dir='ltr'><strong>ep.</strong></span> <span class='ocrx_word' id='word_1_167' title='bbox 470 1507 544 1545; x_wconf 81' lang='lat'><strong>163</strong></span> <span class='ocrx_word' id='word_1_168' title='bbox 582 1506 637 1545; x_wconf 89' lang='lat' dir='ltr'><strong>ab</strong></span> <span class='ocrx_word' id='word_1_169' title='bbox 675 1506 958 1556; x_wconf 85' lang='lat' dir='ltr'><strong>Aristophane</strong></span> <span class='ocrx_word' id='word_1_170' title='bbox 992 1506 1221 1556; x_wconf 86' lang='lat' dir='ltr'><strong>Byzantio,</strong></span> <span class='ocrx_word' id='word_1_171' title='bbox 1265 1504 1292 1556; x_wconf 65' lang='grc' dir='ltr'>ἓ</span> <span class='ocrx_word' id='word_1_172' title='bbox 1322 1505 1392 1554; x_wconf 87' lang='grc'><strong>37;</strong></span> <span class='ocrx_word' id='word_1_173' title='bbox 1432 1517 1498 1556; x_wconf 90' lang='lat' dir='ltr'><strong>ep.</strong></span> <span class='ocrx_word' id='word_1_174' title='bbox 1533 1504 1610 1545; x_wconf 78' lang='lat'><strong>166</strong></span> <span class='ocrx_word' id='word_1_175' title='bbox 1637 1505 1693 1545; x_wconf 89' lang='lat' dir='ltr'><strong>ab</strong></span> <span class='ocrx_word' id='word_1_176' title='bbox 1719 1504 2008 1555; x_wconf 73' lang='lat' dir='ltr'><strong>Aristodemo,</strong></span> 
     </span>
     <span class='ocr_line' id='line_1_22' title="bbox 373 1569 2007 1623; baseline -0.001 -12"><span class='ocrx_word' id='word_1_177' title='bbox 373 1572 398 1623; x_wconf 59' lang='grc' dir='ltr'><strong>ἓ</strong></span> <span class='ocrx_word' id='word_1_178' title='bbox 432 1572 523 1621; x_wconf 88' lang='grc'><strong>77),</strong></span> <span class='ocrx_word' id='word_1_179' title='bbox 565 1572 707 1610; x_wconf 91' lang='lat' dir='ltr'><strong>omnia</strong></span> <span class='ocrx_word' id='word_1_180' title='bbox 735 1583 759 1611; x_wconf 89' lang='lat' dir='ltr'><strong>a</strong></span> <span class='ocrx_word' id='word_1_181' title='bbox 792 1571 986 1622; x_wconf 82' lang='lat' dir='ltr'><strong>Sylloges</strong></span> <span class='ocrx_word' id='word_1_182' title='bbox 1014 1572 1336 1621; x_wconf 87' lang='lat' dir='ltr'><strong>excerptoribus</strong></span> <span class='ocrx_word' id='word_1_183' title='bbox 1365 1571 1554 1622; x_wconf 86' lang='lat' dir='ltr'><strong>neglecta</strong></span> <span class='ocrx_word' id='word_1_184' title='bbox 1583 1573 1710 1620; x_wconf 87' lang='lat' dir='ltr'><strong>sunt,</strong></span> <span class='ocrx_word' id='word_1_185' title='bbox 1751 1569 2007 1620; x_wconf 77' lang='lat' dir='ltr'><strong>videndum,</strong></span> 
     </span>
     <span class='ocr_line' id='line_1_23' title="bbox 371 1634 2015 1687; baseline -0.001 -11"><span class='ocrx_word' id='word_1_186' title='bbox 371 1650 472 1676; x_wconf 91' lang='lat' dir='ltr'><strong>num</strong></span> <span class='ocrx_word' id='word_1_187' title='bbox 512 1650 564 1676; x_wconf 89' lang='lat' dir='ltr'><strong>ex</strong></span> <span class='ocrx_word' id='word_1_188' title='bbox 602 1635 950 1677; x_wconf 73' lang='lat' dir='ltr'><strong>imitationibus</strong></span> <span class='ocrx_word' id='word_1_189' title='bbox 990 1636 1185 1687; x_wconf 86' lang='lat' dir='ltr'><strong>Sylloges</strong></span> <span class='ocrx_word' id='word_1_190' title='bbox 1226 1636 1495 1675; x_wconf 88' lang='lat' dir='ltr'><strong>Simonideae</strong></span> <span class='ocrx_word' id='word_1_191' title='bbox 1530 1636 1889 1687; x_wconf 74' lang='lat' dir='ltr'><strong>epigrammamm</strong></span> <span class='ocrx_word' id='word_1_192' title='bbox 1924 1634 2015 1686; x_wconf 68' lang='lat' dir='ltr'><strong>epi«</strong></span> 
     </span>
     <span class='ocr_line' id='line_1_24' title="bbox 370 1698 2007 1753; baseline -0.001 -12"><span class='ocrx_word' id='word_1_193' title='bbox 370 1703 607 1753; x_wconf 86' lang='lat' dir='ltr'><strong>grammata</strong></span> <span class='ocrx_word' id='word_1_194' title='bbox 650 1702 929 1752; x_wconf 86' lang='lat' dir='ltr'><strong>Anthologiae</strong></span> <span class='ocrx_word' id='word_1_195' title='bbox 971 1702 1058 1741; x_wconf 91' lang='lat' dir='ltr'><strong>Pal.</strong></span> <span class='ocrx_word' id='word_1_196' title='bbox 1101 1702 1278 1741; x_wconf 86' lang='lat' dir='ltr'><strong>indicari</strong></span> <span class='ocrx_word' id='word_1_197' title='bbox 1317 1702 1504 1752; x_wconf 83' lang='lat' dir='ltr'><strong>possint,</strong></span> <span class='ocrx_word' id='word_1_198' title='bbox 1549 1712 1661 1752; x_wconf 85' lang='lat' dir='ltr'><strong>quae</strong></span> <span class='ocrx_word' id='word_1_199' title='bbox 1696 1700 1782 1740; x_wconf 84' lang='lat' dir='ltr'><strong>iam</strong></span> <span class='ocrx_word' id='word_1_200' title='bbox 1817 1699 1863 1740; x_wconf 84' lang='lat' dir='ltr'><strong>in</strong></span> <span class='ocrx_word' id='word_1_201' title='bbox 1900 1698 2007 1751; x_wconf 81' lang='lat' dir='ltr'><strong>Syn.</strong></span> 
     </span>
     <span class='ocr_line' id='line_1_25' title="bbox 373 1763 2011 1816; baseline -0.001 -10"><span class='ocrx_word' id='word_1_202' title='bbox 373 1768 475 1807; x_wconf 90' lang='lat' dir='ltr'><strong>Sim.</strong></span> <span class='ocrx_word' id='word_1_203' title='bbox 515 1768 693 1807; x_wconf 81' lang='lat' dir='ltr'><strong>affuisse</strong></span> <span class='ocrx_word' id='word_1_204' title='bbox 731 1767 970 1806; x_wconf 89' lang='lat' dir='ltr'><strong>videantur.</strong></span> <span class='ocrx_word' id='word_1_205' title='bbox 1017 1767 1110 1812; x_wconf 89' lang='lat' dir='ltr'><strong>Qua</strong></span> <span class='ocrx_word' id='word_1_206' title='bbox 1150 1779 1196 1806; x_wconf 88' lang='lat' dir='ltr'><strong>re</strong></span> <span class='ocrx_word' id='word_1_207' title='bbox 1223 1767 1526 1816; x_wconf 89' lang='lat' dir='ltr'><strong>inquirendum</strong></span> <span class='ocrx_word' id='word_1_208' title='bbox 1555 1768 1644 1816; x_wconf 90' lang='lat' dir='ltr'><strong>est,</strong></span> <span class='ocrx_word' id='word_1_209' title='bbox 1683 1766 1898 1816; x_wconf 76' lang='lat' dir='ltr'><strong>quatenns</strong></span> <span class='ocrx_word' id='word_1_210' title='bbox 1922 1763 2011 1815; x_wconf 69' lang='lat' dir='ltr'><strong>epi·</strong></span> 
     </span>
     <span class='ocr_line' id='line_1_26' title="bbox 370 1828 2011 1883; baseline -0.001 -11"><span class='ocrx_word' id='word_1_211' title='bbox 370 1833 634 1883; x_wconf 87' lang='lat' dir='ltr'><strong>grammatici</strong></span> <span class='ocrx_word' id='word_1_212' title='bbox 672 1834 819 1882; x_wconf 87' lang='lat' dir='ltr'><strong>poetae</strong></span> <span class='ocrx_word' id='word_1_213' title='bbox 855 1833 1129 1871; x_wconf 86' lang='lat' dir='ltr'><strong>Alexandrini</strong></span> <span class='ocrx_word' id='word_1_214' title='bbox 1162 1832 1470 1882; x_wconf 88' lang='lat' dir='ltr'><strong>epigrammata</strong></span> <span class='ocrx_word' id='word_1_215' title='bbox 1502 1831 1746 1871; x_wconf 74' lang='lat' dir='ltr'><strong>Simoniden</strong></span> <span class='ocrx_word' id='word_1_216' title='bbox 1774 1830 1822 1882; x_wconf 86' lang='lat' dir='ltr'><strong>(i.</strong></span> <span class='ocrx_word' id='word_1_217' title='bbox 1847 1841 1885 1869; x_wconf 86' lang='lat' dir='ltr'><strong>e.</strong></span> <span class='ocrx_word' id='word_1_218' title='bbox 1915 1828 2011 1881; x_wconf 78' lang='lat' dir='ltr'><strong>Syl·</strong></span> 
     </span>
     <span class='ocr_line' id='line_1_27' title="bbox 370 1895 2010 1949; baseline -0.001 -12"><span class='ocrx_word' id='word_1_219' title='bbox 370 1899 485 1949; x_wconf 88' lang='lat' dir='ltr'><strong>loges</strong></span> <span class='ocrx_word' id='word_1_220' title='bbox 525 1898 811 1947; x_wconf 89' lang='lat' dir='ltr'><strong>Simonideae)</strong></span> <span class='ocrx_word' id='word_1_221' title='bbox 850 1898 1054 1937; x_wconf 89' lang='lat' dir='ltr'><strong>imitanda</strong></span> <span class='ocrx_word' id='word_1_222' title='bbox 1084 1898 1164 1937; x_wconf 88' lang='lat' dir='ltr'><strong>sibi</strong></span> <span class='ocrx_word' id='word_1_223' title='bbox 1193 1898 1470 1947; x_wconf 86' lang='lat' dir='ltr'><strong>sumpserint.</strong></span> <span class='ocrx_word' id='word_1_224' title='bbox 1514 1897 1636 1942; x_wconf 85' lang='lat' dir='ltr'><strong>Quae</strong></span> <span class='ocrx_word' id='word_1_225' title='bbox 1662 1895 1884 1946; x_wconf 81' lang='lat' dir='ltr'><strong>inquisitio</strong></span> <span class='ocrx_word' id='word_1_226' title='bbox 1910 1905 2010 1935; x_wconf 80' lang='lat' dir='ltr'><strong>eum</strong></span> 
     </span>
     <span class='ocr_line' id='line_1_28' title="bbox 371 1960 2011 2013; baseline -0.001 -11"><span class='ocrx_word' id='word_1_227' title='bbox 371 1975 497 2002; x_wconf 90' lang='lat' dir='ltr'><strong>suum</strong></span> <span class='ocrx_word' id='word_1_228' title='bbox 536 1963 689 2002; x_wconf 87' lang='lat' dir='ltr'><strong>habeat</strong></span> <span class='ocrx_word' id='word_1_229' title='bbox 724 1964 864 2002; x_wconf 90' lang='lat' dir='ltr'><strong>locum</strong></span> <span class='ocrx_word' id='word_1_230' title='bbox 893 1963 936 2002; x_wconf 91' lang='lat' dir='ltr'><strong>in</strong></span> <span class='ocrx_word' id='word_1_231' title='bbox 966 1974 1014 2002; x_wconf 88' lang='lat' dir='ltr'><strong>ea</strong></span> <span class='ocrx_word' id='word_1_232' title='bbox 1044 1963 1174 2002; x_wconf 88' lang='lat' dir='ltr'><strong>huius</strong></span> <span class='ocrx_word' id='word_1_233' title='bbox 1202 1963 1351 2013; x_wconf 87' lang='lat' dir='ltr'><strong>capitis</strong></span> <span class='ocrx_word' id='word_1_234' title='bbox 1380 1964 1523 2013; x_wconf 87' lang='lat' dir='ltr'><strong>parte,</strong></span> <span class='ocrx_word' id='word_1_235' title='bbox 1564 1973 1677 2012; x_wconf 88' lang='lat' dir='ltr'><strong>qnae</strong></span> <span class='ocrx_word' id='word_1_236' title='bbox 1702 1963 1769 2002; x_wconf 83' lang='lat' dir='ltr'><strong>est</strong></span> <span class='ocrx_word' id='word_1_237' title='bbox 1794 1961 1850 2001; x_wconf 89' lang='lat' dir='ltr'><strong>de</strong></span> <span class='ocrx_word' id='word_1_238' title='bbox 1873 1960 2011 2000; x_wconf 73' lang='lat' dir='ltr'><strong>imita·</strong></span> 
     </span>
     <span class='ocr_line' id='line_1_29' title="bbox 370 2026 2010 2083; baseline -0.001 -16"><span class='ocrx_word' id='word_1_239' title='bbox 370 2029 557 2083; x_wconf 87' lang='lat' dir='ltr'><strong>tionibus</strong></span> <span class='ocrx_word' id='word_1_240' title='bbox 589 2027 636 2080; x_wconf 64' lang='grc' dir='ltr'><strong>(ἓ</strong></span> <span class='ocrx_word' id='word_1_241' title='bbox 669 2027 829 2080; x_wconf 81' lang='lat'><strong>121—§</strong></span> <span class='ocrx_word' id='word_1_242' title='bbox 862 2028 977 2078; x_wconf 88' lang='lat'><strong>131),</strong></span> <span class='ocrx_word' id='word_1_243' title='bbox 1017 2029 1083 2067; x_wconf 90' lang='lat' dir='ltr'><strong>hic</strong></span> <span class='ocrx_word' id='word_1_244' title='bbox 1112 2028 1297 2067; x_wconf 77' lang='lat' dir='ltr'><strong>sufficiet</strong></span> <span class='ocrx_word' id='word_1_245' title='bbox 1325 2028 1438 2066; x_wconf 89' lang='lat' dir='ltr'><strong>illius</strong></span> <span class='ocrx_word' id='word_1_246' title='bbox 1466 2026 1769 2077; x_wconf 81' lang='lat' dir='ltr'><strong>disputationis</strong></span> <span class='ocrx_word' id='word_1_247' title='bbox 1795 2035 2010 2067; x_wconf 76' lang='lat' dir='ltr'><strong>summm</strong></span> 
     </span>
     <span class='ocr_line' id='line_1_30' title="bbox 370 2090 2010 2144; baseline -0.001 -11"><span class='ocrx_word' id='word_1_248' title='bbox 370 2106 752 2134; x_wconf 89' lang='lat' dir='ltr'><strong>commemorasse:</strong></span> <span class='ocrx_word' id='word_1_249' title='bbox 802 2094 966 2133; x_wconf 90' lang='lat' dir='ltr'><strong>nullum</strong></span> <span class='ocrx_word' id='word_1_250' title='bbox 1016 2096 1182 2144; x_wconf 89' lang='lat' dir='ltr'><strong>poetam</strong></span> <span class='ocrx_word' id='word_1_251' title='bbox 1230 2093 1627 2144; x_wconf 85' lang='lat' dir='ltr'><strong>epigrammaticum</strong></span> <span class='ocrx_word' id='word_1_252' title='bbox 1674 2090 2010 2132; x_wconf 82' lang='lat' dir='ltr'><strong>Alexandrinum</strong></span> 
     </span>
     <span class='ocr_line' id='line_1_31' title="bbox 371 2156 2006 2210; baseline -0.001 -12"><span class='ocrx_word' id='word_1_253' title='bbox 371 2161 554 2210; x_wconf 88' lang='lat' dir='ltr'><strong>pendere</strong></span> <span class='ocrx_word' id='word_1_254' title='bbox 589 2172 613 2199; x_wconf 90' lang='lat' dir='ltr'><strong>a</strong></span> <span class='ocrx_word' id='word_1_255' title='bbox 655 2159 871 2199; x_wconf 91' lang='lat' dir='ltr'><strong>Simonide</strong></span> <span class='ocrx_word' id='word_1_256' title='bbox 910 2159 954 2210; x_wconf 88' lang='lat' dir='ltr'><strong>(i.</strong></span> <span class='ocrx_word' id='word_1_257' title='bbox 986 2171 1022 2199; x_wconf 92' lang='lat' dir='ltr'><strong>e.</strong></span> <span class='ocrx_word' id='word_1_258' title='bbox 1059 2171 1084 2199; x_wconf 90' lang='lat' dir='ltr'><strong>a</strong></span> <span class='ocrx_word' id='word_1_259' title='bbox 1125 2159 1298 2210; x_wconf 85' lang='lat' dir='ltr'><strong>Sylloge</strong></span> <span class='ocrx_word' id='word_1_260' title='bbox 1328 2158 1590 2208; x_wconf 88' lang='lat' dir='ltr'><strong>Simonidea)</strong></span> <span class='ocrx_word' id='word_1_261' title='bbox 1620 2158 1704 2198; x_wconf 87' lang='lat' dir='ltr'><strong>nisi</strong></span> <span class='ocrx_word' id='word_1_262' title='bbox 1731 2156 2006 2197; x_wconf 65' lang='lat' dir='ltr'><strong>Mausoleum.</strong></span> 
     </span>
     <span class='ocr_line' id='line_1_32' title="bbox 370 2222 2007 2274; baseline -0.001 -11"><span class='ocrx_word' id='word_1_263' title='bbox 370 2225 489 2270; x_wconf 88' lang='lat' dir='ltr'><strong>Quae</strong></span> <span class='ocrx_word' id='word_1_264' title='bbox 516 2237 611 2274; x_wconf 90' lang='lat' dir='ltr'><strong>epp.</strong></span> <span class='ocrx_word' id='word_1_265' title='bbox 647 2224 889 2264; x_wconf 91' lang='lat' dir='ltr'><strong>Simonidea</strong></span> <span class='ocrx_word' id='word_1_266' title='bbox 918 2225 961 2263; x_wconf 89' lang='lat' dir='ltr'><strong>in</strong></span> <span class='ocrx_word' id='word_1_267' title='bbox 989 2225 1082 2263; x_wconf 90' lang='lat' dir='ltr'><strong>eius</strong></span> <span class='ocrx_word' id='word_1_268' title='bbox 1112 2224 1420 2264; x_wconf 86' lang='lat' dir='ltr'><strong>imitationibus</strong></span> <span class='ocrx_word' id='word_1_269' title='bbox 1450 2226 1641 2274; x_wconf 89' lang='lat' dir='ltr'><strong>respecta</strong></span> <span class='ocrx_word' id='word_1_270' title='bbox 1668 2234 1765 2263; x_wconf 84' lang='lat' dir='ltr'><strong>esse</strong></span> <span class='ocrx_word' id='word_1_271' title='bbox 1790 2222 2007 2271; x_wconf 80' lang='lat' dir='ltr'><strong>videntur,</strong></span> 
     </span>
     <span class='ocr_line' id='line_1_33' title="bbox 370 2287 1686 2340; baseline -0.001 -11"><span class='ocrx_word' id='word_1_272' title='bbox 370 2302 418 2329; x_wconf 89' lang='lat' dir='ltr'><strong>ea</strong></span> <span class='ocrx_word' id='word_1_273' title='bbox 450 2290 647 2340; x_wconf 89' lang='lat' dir='ltr'><strong>Syllogae</strong></span> <span class='ocrx_word' id='word_1_274' title='bbox 678 2290 946 2330; x_wconf 87' lang='lat' dir='ltr'><strong>Simonideae</strong></span> <span class='ocrx_word' id='word_1_275' title='bbox 974 2290 1181 2329; x_wconf 85' lang='lat' dir='ltr'><strong>vindicari</strong></span> <span class='ocrx_word' id='word_1_276' title='bbox 1210 2292 1405 2340; x_wconf 84' lang='lat' dir='ltr'><strong>possunt.</strong></span> <span class='ocrx_word' id='word_1_277' title='bbox 1441 2289 1505 2329; x_wconf 85' lang='lat' dir='ltr'><strong>Cf.</strong></span> <span class='ocrx_word' id='word_1_278' title='bbox 1537 2287 1564 2340; x_wconf 76' lang='lat'>§</span> <span class='ocrx_word' id='word_1_279' title='bbox 1597 2288 1686 2328; x_wconf 80' lang='lat'><strong>103.</strong></span> 
     </span>
    </p>

    <p class='ocr_par' dir='ltr' id='par_1_6' title="bbox 371 2351 2012 2471">
     <span class='ocr_line' id='line_1_34' title="bbox 425 2351 2012 2406; baseline -0.001 -12"><span class='ocrx_word' id='word_1_280' title='bbox 425 2356 655 2405; x_wconf 88' lang='lat' dir='ltr'><strong>Complura</strong></span> <span class='ocrx_word' id='word_1_281' title='bbox 699 2355 1007 2406; x_wconf 84' lang='lat' dir='ltr'><strong>epigrammata</strong></span> <span class='ocrx_word' id='word_1_282' title='bbox 1055 2355 1210 2394; x_wconf 91' lang='lat' dir='ltr'><strong>indicio</strong></span> <span class='ocrx_word' id='word_1_283' title='bbox 1257 2366 1342 2394; x_wconf 91' lang='lat' dir='ltr'><strong>non</strong></span> <span class='ocrx_word' id='word_1_284' title='bbox 1390 2366 1478 2394; x_wconf 91' lang='lat' dir='ltr'><strong>uno</strong></span> <span class='ocrx_word' id='word_1_285' title='bbox 1523 2355 1567 2392; x_wconf 92' lang='lat' dir='ltr'><strong>in</strong></span> <span class='ocrx_word' id='word_1_286' title='bbox 1615 2353 1788 2404; x_wconf 77' lang='lat' dir='ltr'><strong>Sylloge</strong></span> <span class='ocrx_word' id='word_1_287' title='bbox 1830 2351 2012 2392; x_wconf 66' lang='lat' dir='ltr'><strong>affuisse</strong></span> 
     </span>
     <span class='ocr_line' id='line_1_35' title="bbox 371 2418 1557 2471; baseline -0.002 -11"><span class='ocrx_word' id='word_1_288' title='bbox 371 2423 557 2470; x_wconf 88' lang='lat' dir='ltr'><strong>constat,</strong></span> <span class='ocrx_word' id='word_1_289' title='bbox 590 2432 655 2471; x_wconf 88' lang='lat' dir='ltr'><strong>ep.</strong></span> <span class='ocrx_word' id='word_1_290' title='bbox 682 2421 733 2459; x_wconf 84' lang='lat'><strong>92</strong></span> <span class='ocrx_word' id='word_1_291' title='bbox 762 2420 868 2460; x_wconf 91' lang='lat' dir='ltr'><strong>adeo</strong></span> <span class='ocrx_word' id='word_1_292' title='bbox 895 2421 1096 2459; x_wconf 90' lang='lat' dir='ltr'><strong>omnibus</strong></span> <span class='ocrx_word' id='word_1_293' title='bbox 1125 2420 1278 2459; x_wconf 88' lang='lat' dir='ltr'><strong>tribus.</strong></span> <span class='ocrx_word' id='word_1_294' title='bbox 1312 2419 1376 2460; x_wconf 76' lang='lat' dir='ltr'><strong>Cf.</strong></span> <span class='ocrx_word' id='word_1_295' title='bbox 1408 2418 1435 2471; x_wconf 66' lang='grc' dir='ltr'><strong>ξ</strong></span> <span class='ocrx_word' id='word_1_296' title='bbox 1468 2419 1557 2458; x_wconf 83' lang='grc'><strong>104.</strong></span> 
     </span>
    </p>

    <p class='ocr_par' dir='ltr' id='par_1_7' title="bbox 371 2481 2009 2590">
     <span class='ocr_line' id='line_1_36' title="bbox 426 2481 2009 2536; baseline -0.002 -11"><span class='ocrx_word' id='word_1_297' title='bbox 426 2486 452 2536; x_wconf 66' lang='grc' dir='ltr'>ἓ</span> <span class='ocrx_word' id='word_1_298' title='bbox 482 2486 546 2525; x_wconf 89' lang='grc'><strong>99.</strong></span> <span class='ocrx_word' id='word_1_299' title='bbox 609 2484 676 2525; x_wconf 83' lang='lat' dir='ltr'><strong>De</strong></span> <span class='ocrx_word' id='word_1_300' title='bbox 717 2484 974 2525; x_wconf 79' lang='lat' dir='ltr'><strong>traditione</strong></span> <span class='ocrx_word' id='word_1_301' title='bbox 1014 2484 1060 2525; x_wconf 86' lang='lat' dir='ltr'><strong>S.</strong></span> <span class='ocrx_word' id='word_1_302' title='bbox 1121 2485 1228 2536; x_wconf 86' lang='lat' dir='ltr'><strong>Epp.</strong></span> <span class='ocrx_word' id='word_1_303' title='bbox 1271 2485 1314 2524; x_wconf 91' lang='lat' dir='ltr'><strong>in</strong></span> <span class='ocrx_word' id='word_1_304' title='bbox 1357 2485 1440 2524; x_wconf 88' lang='lat' dir='ltr'><strong>AP.</strong></span> <span class='ocrx_word' id='word_1_305' title='bbox 1481 2485 1526 2523; x_wconf 88' lang='lat' dir='ltr'><strong>in</strong></span> <span class='ocrx_word' id='word_1_306' title='bbox 1567 2483 1678 2523; x_wconf 88' lang='lat' dir='ltr'><strong>trad.</strong></span> <span class='ocrx_word' id='word_1_307' title='bbox 1722 2482 1776 2533; x_wconf 92' lang='lat' dir='ltr'><strong>S,</strong></span> <span class='ocrx_word' id='word_1_308' title='bbox 1822 2482 1924 2523; x_wconf 80' lang='lat' dir='ltr'><strong>alibi</strong></span> <span class='ocrx_word' id='word_1_309' title='bbox 1962 2481 2009 2522; x_wconf 83' lang='lat' dir='ltr'><strong>in</strong></span> 
     </span>
     <span class='ocr_line' id='line_1_37' title="bbox 371 2551 1211 2590; baseline 0.001 -1"><span class='ocrx_word' id='word_1_310' title='bbox 371 2551 479 2590; x_wconf 89' lang='lat' dir='ltr'><strong>trad.</strong></span> <span class='ocrx_word' id='word_1_311' title='bbox 512 2551 544 2589; x_wconf 85' lang='grc' dir='ltr'>Α</span> <span class='ocrx_word' id='word_1_312' title='bbox 573 2551 698 2590; x_wconf 90' lang='lat' dir='ltr'><strong>obvia</strong></span> <span class='ocrx_word' id='word_1_313' title='bbox 728 2554 830 2590; x_wconf 89' lang='lat' dir='ltr'><strong>sunt</strong></span> <span class='ocrx_word' id='word_1_314' title='bbox 858 2551 1058 2590; x_wconf 87' lang='lat' dir='ltr'><strong>tredecim</strong></span> <span class='ocrx_word' id='word_1_315' title='bbox 1089 2551 1211 2590; x_wconf 87' lang='lat' dir='ltr'><strong>haec:</strong></span> 
     </span>
    </p>
   </div>
   <div class='ocr_carea' id='block_1_4' title="bbox 429 2613 2072 2667">
    <p class='ocr_par' dir='ltr' id='par_1_8' title="bbox 429 2613 2072 2667">
     <span class='ocr_line' id='line_1_38' title="bbox 429 2613 2072 2667; baseline -0.001 -13"><span class='ocrx_word' id='word_1_316' title='bbox 429 2617 462 2654; x_wconf 93' lang='lat'><strong>1.</strong></span> <span class='ocrx_word' id='word_1_317' title='bbox 524 2615 616 2655; x_wconf 91' lang='grc' dir='ltr'><strong>ΑΡ.</strong></span> <span class='ocrx_word' id='word_1_318' title='bbox 659 2615 724 2656; x_wconf 83' lang='lat' dir='ltr'><strong>VI.</strong></span> <span class='ocrx_word' id='word_1_319' title='bbox 783 2615 868 2656; x_wconf 88' lang='lat'><strong>50:</strong></span> <span class='ocrx_word' id='word_1_320' title='bbox 898 2617 1007 2656; x_wconf 88' lang='lat' dir='ltr'><strong>trad.</strong></span> <span class='ocrx_word' id='word_1_321' title='bbox 1044 2616 1073 2656; x_wconf 94' lang='lat' dir='ltr'><strong>S</strong></span> <span class='ocrx_word' id='word_1_322' title='bbox 1102 2616 1422 2667; x_wconf 85' lang='lat' dir='ltr'><strong>epigrammatis</strong></span> <span class='ocrx_word' id='word_1_323' title='bbox 1453 2615 1548 2663; x_wconf 75' lang='lat'><strong>1403</strong></span> <span class='ocrx_word' id='word_1_324' title='bbox 1578 2615 1613 2653; x_wconf 81' lang='lat' dir='ltr'>A</span> <span class='ocrx_word' id='word_1_325' title='bbox 1640 2625 1693 2653; x_wconf 86' lang='lat' dir='ltr'><strong>ex</strong></span> <span class='ocrx_word' id='word_1_326' title='bbox 1721 2613 1895 2664; x_wconf 83' lang='lat' dir='ltr'><strong>Ephoro</strong></span> <span class='ocrx_word' id='word_1_327' title='bbox 1921 2622 2010 2652; x_wconf 78' lang='lat' dir='ltr'><strong>aer·</strong></span> <span class='ocrx_word' id='word_1_328' title='bbox 2068 2636 2072 2637; x_wconf 32' lang='grc' dir='ltr'><em>ν</em></span> 
     </span>
    </p>
   </div>
   <div class='ocr_carea' id='block_1_5' title="bbox 371 2667 2010 3122">
    <p class='ocr_par' dir='ltr' id='par_1_9' title="bbox 375 2667 885 2732">
     <span class='ocr_line' id='line_1_39' title="bbox 375 2667 885 2732; baseline 0.004 -14"><span class='ocrx_word' id='word_1_329' title='bbox 375 2682 487 2719; x_wconf 85' lang='lat' dir='ltr'><strong>vavit</strong></span> <span class='ocrx_word' id='word_1_330' title='bbox 518 2667 646 2730; x_wconf 62' lang='lat' dir='ltr'><strong>Plut.,</strong></span> <span class='ocrx_word' id='word_1_331' title='bbox 678 2682 731 2720; x_wconf 76' lang='lat' dir='ltr'><strong>ef.</strong></span> <span class='ocrx_word' id='word_1_332' title='bbox 763 2680 789 2732; x_wconf 61' lang='grc' dir='ltr'><strong>ς</strong></span> <span class='ocrx_word' id='word_1_333' title='bbox 820 2682 885 2721; x_wconf 87' lang='lat'><strong>50.</strong></span> 
     </span>
    </p>

    <p class='ocr_par' dir='ltr' id='par_1_10' title="bbox 371 2742 2010 2862">
     <span class='ocr_line' id='line_1_40' title="bbox 425 2742 2010 2797; baseline -0.001 -13"><span class='ocrx_word' id='word_1_334' title='bbox 425 2746 463 2784; x_wconf 88' lang='grc'><strong>2.</strong></span> <span class='ocrx_word' id='word_1_335' title='bbox 530 2745 617 2784; x_wconf 85' lang='grc' dir='ltr'><strong>ΑΡ.</strong></span> <span class='ocrx_word' id='word_1_336' title='bbox 662 2745 726 2785; x_wconf 88' lang='lat' dir='ltr'><strong>VI.</strong></span> <span class='ocrx_word' id='word_1_337' title='bbox 767 2746 870 2786; x_wconf 86' lang='lat'><em>197:</em></span> <span class='ocrx_word' id='word_1_338' title='bbox 900 2747 1009 2786; x_wconf 86' lang='lat' dir='ltr'><strong>trad.</strong></span> <span class='ocrx_word' id='word_1_339' title='bbox 1046 2747 1075 2786; x_wconf 93' lang='lat' dir='ltr'><strong>S</strong></span> <span class='ocrx_word' id='word_1_340' title='bbox 1113 2758 1179 2797; x_wconf 92' lang='lat' dir='ltr'><strong>ep.</strong></span> <span class='ocrx_word' id='word_1_341' title='bbox 1215 2746 1309 2794; x_wconf 79' lang='lat'><strong>1383</strong></span> <span class='ocrx_word' id='word_1_342' title='bbox 1348 2746 1382 2784; x_wconf 84' lang='lat' dir='ltr'>A</span> <span class='ocrx_word' id='word_1_343' title='bbox 1411 2747 1580 2785; x_wconf 81' lang='lat' dir='ltr'><strong>servata</strong></span> <span class='ocrx_word' id='word_1_344' title='bbox 1609 2756 1677 2794; x_wconf 88' lang='lat' dir='ltr'><strong>ap.</strong></span> <span class='ocrx_word' id='word_1_345' title='bbox 1706 2743 1840 2783; x_wconf 77' lang='lat' dir='ltr'><strong>Thue.</strong></span> <span class='ocrx_word' id='word_1_346' title='bbox 1865 2745 1909 2783; x_wconf 76' lang='lat' dir='ltr'><strong>et</strong></span> <span class='ocrx_word' id='word_1_347' title='bbox 1933 2742 2010 2793; x_wconf 84' lang='lat' dir='ltr'><strong>qui</strong></span> 
     </span>
     <span class='ocr_line' id='line_1_41' title="bbox 371 2810 906 2862; baseline 0.002 -13"><span class='ocrx_word' id='word_1_348' title='bbox 371 2822 421 2849; x_wconf 91' lang='lat' dir='ltr'><strong>eo</strong></span> <span class='ocrx_word' id='word_1_349' title='bbox 449 2812 515 2849; x_wconf 89' lang='lat' dir='ltr'><strong>usi</strong></span> <span class='ocrx_word' id='word_1_350' title='bbox 546 2814 669 2861; x_wconf 87' lang='lat' dir='ltr'><strong>sunt,</strong></span> <span class='ocrx_word' id='word_1_351' title='bbox 702 2812 754 2850; x_wconf 83' lang='lat' dir='ltr'><strong>cf.</strong></span> <span class='ocrx_word' id='word_1_352' title='bbox 785 2810 811 2862; x_wconf 64' lang='grc' dir='ltr'><strong>ξ</strong></span> <span class='ocrx_word' id='word_1_353' title='bbox 841 2812 906 2851; x_wconf 87' lang='grc'><strong>43.</strong></span> 
     </span>
    </p>

    <p class='ocr_par' dir='ltr' id='par_1_11' title="bbox 376 2871 2006 2993">
     <span class='ocr_line' id='line_1_42' title="bbox 426 2871 2006 2927; baseline -0.002 -12"><span class='ocrx_word' id='word_1_354' title='bbox 426 2876 463 2915; x_wconf 88' lang='grc'><strong>3.</strong></span> <span class='ocrx_word' id='word_1_355' title='bbox 524 2875 616 2915; x_wconf 76' lang='grc' dir='ltr'><strong>ΑΡ.</strong></span> <span class='ocrx_word' id='word_1_356' title='bbox 660 2875 726 2916; x_wconf 88' lang='lat' dir='ltr'><strong>VI.</strong></span> <span class='ocrx_word' id='word_1_357' title='bbox 761 2876 847 2915; x_wconf 85' lang='grc'><strong>214</strong></span> <span class='ocrx_word' id='word_1_358' title='bbox 857 2890 866 2916; x_wconf 92' lang='lat'>:</span> <span class='ocrx_word' id='word_1_359' title='bbox 896 2878 1006 2916; x_wconf 89' lang='lat' dir='ltr'><strong>trad.</strong></span> <span class='ocrx_word' id='word_1_360' title='bbox 1042 2877 1071 2916; x_wconf 92' lang='lat' dir='ltr'><strong>S</strong></span> <span class='ocrx_word' id='word_1_361' title='bbox 1101 2889 1166 2927; x_wconf 92' lang='lat' dir='ltr'><strong>ep.</strong></span> <span class='ocrx_word' id='word_1_362' title='bbox 1197 2877 1292 2925; x_wconf 85' lang='lat'><strong>141;</strong></span> <span class='ocrx_word' id='word_1_363' title='bbox 1323 2878 1357 2915; x_wconf 82' lang='lat' dir='ltr'>A</span> <span class='ocrx_word' id='word_1_364' title='bbox 1384 2888 1436 2915; x_wconf 88' lang='lat' dir='ltr'><strong>ex</strong></span> <span class='ocrx_word' id='word_1_365' title='bbox 1461 2875 1635 2926; x_wconf 83' lang='lat' dir='ltr'><strong>Ephoro</strong></span> <span class='ocrx_word' id='word_1_366' title='bbox 1656 2886 1768 2913; x_wconf 72' lang='lat' dir='ltr'><strong>sei-V.</strong></span> <span class='ocrx_word' id='word_1_367' title='bbox 1793 2874 1836 2912; x_wconf 89' lang='lat' dir='ltr'><strong>in</strong></span> <span class='ocrx_word' id='word_1_368' title='bbox 1863 2871 2006 2913; x_wconf 69' lang='lat' dir='ltr'><strong>Schol-</strong></span> 
     </span>
     <span class='ocr_line' id='line_1_43' title="bbox 376 2941 803 2993; baseline 0.007 -15"><span class='ocrx_word' id='word_1_369' title='bbox 376 2941 564 2991; x_wconf 88' lang='lat' dir='ltr'><strong>Pindar.,</strong></span> <span class='ocrx_word' id='word_1_370' title='bbox 598 2943 649 2981; x_wconf 81' lang='lat' dir='ltr'><strong>cf.</strong></span> <span class='ocrx_word' id='word_1_371' title='bbox 682 2941 708 2993; x_wconf 65' lang='grc' dir='ltr'>ἓ</span> <span class='ocrx_word' id='word_1_372' title='bbox 741 2942 803 2981; x_wconf 87' lang='grc'><strong>76.</strong></span> 
     </span>
    </p>

    <p class='ocr_par' dir='ltr' id='par_1_12' title="bbox 375 3002 2008 3122">
     <span class='ocr_line' id='line_1_44' title="bbox 427 3002 2008 3058; baseline -0.001 -14"><span class='ocrx_word' id='word_1_373' title='bbox 427 3007 463 3044; x_wconf 77' lang='lat'><strong>4.</strong></span> <span class='ocrx_word' id='word_1_374' title='bbox 525 3006 617 3045; x_wconf 84' lang='grc' dir='ltr'><strong>ΑΡ.</strong></span> <span class='ocrx_word' id='word_1_375' title='bbox 660 3006 726 3046; x_wconf 71' lang='grc' dir='ltr'><strong>ΓΙ.</strong></span> <span class='ocrx_word' id='word_1_376' title='bbox 762 3007 870 3047; x_wconf 84' lang='grc'><strong>215;</strong></span> <span class='ocrx_word' id='word_1_377' title='bbox 900 3008 1008 3047; x_wconf 88' lang='lat' dir='ltr'><strong>trad.</strong></span> <span class='ocrx_word' id='word_1_378' title='bbox 1045 3008 1074 3047; x_wconf 89' lang='lat' dir='ltr'><strong>S</strong></span> <span class='ocrx_word' id='word_1_379' title='bbox 1117 3020 1182 3058; x_wconf 89' lang='lat' dir='ltr'><strong>ep.</strong></span> <span class='ocrx_word' id='word_1_380' title='bbox 1228 3008 1322 3055; x_wconf 85' lang='lat'>134;</span> <span class='ocrx_word' id='word_1_381' title='bbox 1366 3009 1401 3046; x_wconf 82' lang='lat' dir='ltr'>A</span> <span class='ocrx_word' id='word_1_382' title='bbox 1440 3018 1493 3046; x_wconf 82' lang='lat' dir='ltr'><strong>ex</strong></span> <span class='ocrx_word' id='word_1_383' title='bbox 1533 3006 1707 3056; x_wconf 86' lang='lat' dir='ltr'><strong>Ephoro</strong></span> <span class='ocrx_word' id='word_1_384' title='bbox 1742 3015 1855 3043; x_wconf 74' lang='lat' dir='ltr'><strong>serV.</strong></span> <span class='ocrx_word' id='word_1_385' title='bbox 1891 3002 2008 3054; x_wconf 85' lang='lat' dir='ltr'><strong>apud</strong></span> 
     </span>
     <span class='ocr_line' id='line_1_45' title="bbox 375 3070 738 3122; baseline 0.011 -15"><span class='ocrx_word' id='word_1_386' title='bbox 375 3070 501 3119; x_wconf 89' lang='lat' dir='ltr'><strong>Plut.,</strong></span> <span class='ocrx_word' id='word_1_387' title='bbox 534 3072 587 3109; x_wconf 79' lang='lat' dir='ltr'><strong>cf.</strong></span> <span class='ocrx_word' id='word_1_388' title='bbox 618 3070 643 3122; x_wconf 62' lang='grc' dir='ltr'><strong>ἓ</strong></span> <span class='ocrx_word' id='word_1_389' title='bbox 673 3071 738 3111; x_wconf 83' lang='lat'><strong>29.</strong></span> 
     </span>
    </p>
   </div>
  </div>
 </body>
</html>
