2072 3568
926 222 1004 264 223
1496 224 1522 279 g
1555 226 1652 279 130,
1687 227 1775 268 131.

51 336 62 395 -J
145 348 238 388 Non
268 348 412 387 solum
434 359 528 398 epp.
562 347 612 387 99
641 365 694 380 -=
722 349 804 388 ΑΡ.
834 349 928 388 VII.
962 349 1038 388 251
1068 350 1111 388 in
1141 350 1321 390 disticho
1350 351 1487 401 primo
1516 355 1687 392 secutus
1716 356 1780 392 est

45 405 70 450 s
144 415 310 463 auctor,
353 414 427 452 sed
465 413 701 452 vicinorum
741 425 912 463 quoque
948 416 1302 465 epigrammatum
1341 418 1566 456 memorias
1602 419 1779 457 carmini

142 478 376 518 inseruisse
411 478 578 516 videtur
607 490 647 517 v,
676 478 700 516 4
731 477 986 529 ἱπποσύνας,
1030 492 1068 518 v.
1100 480 1123 519 7
1151 482 1422 531 epanalepsin
1453 481 1547 528 ἄξια
1578 506 1626 510 --
1657 482 1774 534 ἄξια,

47 563 57 586 3
144 556 184 583 v,
217 543 241 583 9
278 542 523 595 φθιμένων,
565 555 676 592 quae
713 547 944 583 occurrunt
981 545 1124 584 eadem
1167 557 1318 584 versus
1357 548 1456 586 sede
1492 548 1535 586 in
1564 560 1658 598 epp.
1692 550 1773 588 ΑΡ.

60 623 62 625 ·
142 609 237 648 VII.
283 608 405 658 254,2
455 608 681 659 (Simonid.
734 608 846 658 108);
894 610 1016 659 256,3
1059 611 1325 660 epanalepsis
1368 615 1486 664 χαῖρε
1527 636 1578 641 -
1619 613 1779 665 χαίρετε

54 719 55 722 ¹
146 672 393 724 (Platonis);
437 673 560 723 255‚3
605 673 852 724 (Aeschyli).
900 675 1248 714 Concludendum
1290 677 1421 727 igitur
1462 679 1526 715 est
1563 681 1776 717 auctorem

40 752 71 794 τι
142 739 359 778 materiem
389 739 589 788 petivisse
616 751 668 778 ex
697 738 949 790 Anthologia
977 741 1162 789 quadam
1194 741 1461 791 Cephalanae
1488 746 1667 793 cognata
1692 745 1717 783 i.
1738 757 1772 783 e.

141 815 194 842 ex
223 803 389 843 Corona
419 804 665 854 Meleagrea.

195 869 232 908 2.
293 869 478 908 Imitatio
515 869 834 919 epigrammatis
874 870 950 909 128
987 871 1031 909 in
1069 871 1344 921 inscriptione
1373 873 1458 912 Coa
1488 886 1554 923 ap.
1590 875 1776 914 Patou—

144 934 288 973 Hicks.
321 934 604 983 Inscriptions
629 935 673 973 οἰ
697 935 779 974 Cos
804 935 904 985 324,
938 937 1088 975 aetatis
1114 937 1342 976 Romanae.
1376 939 1777 979 Animadverterunt

140 999 414 1038 imitationem
438 999 643 1049 editores,
673 1000 721 1037 E.
747 1000 945 1038 Ziebarth
972 1001 1119 1039 Philol.
1144 1002 1208 1040 54.
1235 1001 1336 1041 1895
1362 1015 1401 1052 p.
1424 1003 1521 1053 149,
1549 1005 1612 1043 W.
1639 1006 1776 1044 Head-

139 1064 225 1103 lam
254 1065 389 1104 Class.
424 1065 526 1103 Rev,
562 1064 624 1103 14.
659 1064 763 1103 1900
792 1077 832 1114 p.
868 1065 903 1104 7.
948 1066 1100 1104 Editur
1128 1067 1347 1116 inscriptio
1377 1068 1455 1106 sic:

462 1128 587 1181 Δάμα
616 1129 768 1182 χρηστὲ
795 1133 933 1182 χαῖρε·

193 1195 234 1235 οἶ
260 1210 314 1247 με
342 1194 607 1247 ὑπεριδόντες
634 1194 854 1248 ὁμότεχνοι
882 1198 967 1235 τῶν
995 1195 1136 1236 αὐτῶν
1165 1199 1257 1243 σεῦ,
1286 1196 1436 1248 πάτερ,
1466 1197 1750 1250 ἀντιτύχοισαν

62 1300 63 1303 ,
337 1283 339 1285 v
462 1260 504 1300 οῖ
531 1259 570 1300 δ’
594 1259 678 1300 ὑπὸ
708 1264 785 1314 γῆν
813 1260 956 1305 θέντες
984 1260 1148 1301 ὅναιντο
1176 1261 1283 1313 βίου.

138 1326 316 1376 Appono
343 1338 409 1376 ep.
444 1326 520 1365 128
549 1344 602 1358 =
628 1327 711 1366 ΑΡ.
742 1327 834 1366 VII.
869 1327 966 1367 516:

406 1390 446 1430 οἱ
472 1390 551 1443 μὲν
579 1390 654 1443 ἐμὲ
682 1391 908 1436 κτείναντες
937 1390 1101 1443 ὁμοίων
1130 1391 1379 1444 ἀντιτύχοιεν

459 1454 542 1496 Ζεῦ
572 1456 685 1503 ξένί,
716 1456 757 1496 οἳ
785 1455 822 1496 δ’
848 1455 932 1496 ὑπὸ
962 1459 1039 1508 γᾶν
1067 1455 1210 1501 θέντες
1238 1457 1403 1497 ὄναιντο
1430 1457 1536 1508 βίου.

52 1555 54 1561 ,
139 1522 265 1561 Recte
306 1522 411 1560 vidit
453 1522 652 1561 Ziebarth
696 1524 911 1561 mortuum
959 1522 1106 1561 ‘fuisse
1143 1523 1328 1561 invidiae
1364 1523 1439 1573 iis,
1486 1524 1559 1572 qui
1597 1525 1772 1563 eandem

51 1629 58 1639 ,Δ
137 1588 266 1636 atque
292 1587 383 1636 ipse
411 1587 715 1636 profiterentur
743 1589 900 1636 artem,
933 1589 1062 1636 atque
1090 1587 1186 1626 “ein
1213 1587 1344 1637 Opfer
1368 1589 1444 1627 der
1469 1589 1771 1628 Concurrenz’'

137 1652 296 1692 factum
324 1651 449 1691 esse’.
486 1652 568 1691 Sed
598 1663 736 1701 neque
764 1652 988 1702 intellexit,
1022 1654 1118 1702 quis
1138 1653 1352 1703 loquatur,
1386 1666 1523 1703 neque
1542 1655 1774 1694 editoribus

137 1717 335 1757 assentiri
365 1717 511 1756 debuit
539 1718 846 1757 annotantibus
881 1717 1062 1768 ‘epitaph
1093 1731 1208 1768 upon
1237 1731 1261 1758 a
1291 1719 1470 1758 father’s
1499 1721 1660 1770 grave’.
1709 1722 1773 1760 Ex

137 1783 330 1822 vocativo
357 1783 487 1835 πάτερ
515 1786 692 1834 apparet
719 1785 921 1834 appellari
950 1786 1178 1833 quendam.
1212 1785 1278 1823 Ex
1298 1786 1548 1834 pronomine
1568 1798 1774 1835 personae

136 1848 298 1897 primae
324 1863 378 1900 με
407 1849 600 1899 sequitur
630 1851 844 1888 mortuum
875 1850 1016 1899 ipsum
1045 1850 1286 1900 loquentem
1316 1851 1472 1889 induci.
1520 1852 1634 1901 Ergo
1664 1864 1772 1891 mor-

44 1918 45 1922 ’
104 1940 107 1942 v
134 1913 237 1951 tuus
265 1914 478 1963 quendam
508 1915 690 1964 appellat
719 1915 852 1964 patris
882 1916 1064 1954 nomine.
1099 1915 1250 1965 Itaque
1278 1918 1397 1965 pater
1421 1916 1488 1954 ille
1513 1928 1596 1955 non
1623 1917 1659 1955 is
1683 1920 1768 1967 est,

135 1978 209 2027 qui
247 1979 439 2028 sepultus
475 1981 552 2018 est.
599 1980 651 2018 In
684 1979 927 2018 Simonideo
955 1981 1261 2030 epigrammate
1291 1981 1480 2020 subiecto
1508 1982 1634 2021 ctiam
1663 1995 1772 2021 mor-

54 2048 55 2051 ’
135 2044 237 2082 tuus
265 2045 478 2093 quendam
507 2045 737 2095 alloquitur
767 2057 824 2084 sc.
857 2046 1024 2085 Jovem.
1058 2047 1209 2085 Nonne
1227 2047 1409 2085 eundem
1433 2048 1588 2086 Damas
1610 2050 1770 2097 patrem

135 2109 319 2158 appellat
355 2110 714 2159 scribendumque
747 2112 811 2149 est
847 2108 950 2149 Ζεῦ
978 2109 1131 2162 πάτερ,
1174 2123 1251 2161 pro
1280 2123 1365 2160 quo
1392 2112 1572 2161 lapicida
1602 2119 1772 2162 proptor

135 2174 522 2222 pronuntiationem
552 2175 812 2213 consimilem
842 2175 1078 2214 litterarum
1108 2189 1132 2214 σ
1160 2177 1200 2214 et
1230 2174 1254 2221 ζ
1284 2175 1354 2226 (cf.
1385 2177 1665 2215 Meisterhans
1695 2178 1766 2215 Gr.

134 2237 217 2277 Att.
251 2239 442 2279 Inschr.³
471 2252 511 2290 p.
531 2239 602 2289 88,
635 2238 678 2290 8)
710 2251 932 2290 perperam
963 2241 1136 2280 dederat
1166 2238 1208 2278 Σ
1214 2242 1269 2279 εὗ
1297 2239 1458 2291 πάτερὲ
1490 2242 1615 2280 Recte
1642 2242 1772 2291 igitur

135 2314 182 2342 se
218 2304 344 2343 habet
381 2305 542 2355 primae
579 2316 786 2355 personae
825 2316 1058 2354 pronomen
1088 2319 1142 2356 με
1170 2317 1221 2344 ex
1254 2306 1497 2345 Simonideo
1527 2309 1766 2356 servatum,

34 2410 35 2414 ,
134 2369 270 2419 quod,
312 2371 360 2408 ut
396 2381 492 2408 cum
535 2368 812 2420 ‘pronomine'
853 2371 925 2409 σεῦ
963 2371 1228 2420 conveniret,
1269 2371 1322 2410 de
1358 2372 1598 2410 coniectura
1640 2371 1767 2411 Sako-

39 2451 59 2474 2
133 2432 295 2472 lowskii
331 2435 373 2473 in
413 2449 459 2474 σε
496 2435 677 2474 mutavit
716 2434 928 2474 Ziebarth.
979 2435 1029 2473 In
1059 2435 1364 2485 epigrammate
1392 2436 1484 2485 ipso
1514 2436 1642 2475 verba
1673 2437 1770 2476 facit

134 2500 352 2549 mortuus,
381 2500 622 2539 valedicunt
645 2501 786 2539 autem
815 2500 971 2539 Damae
995 2500 1162 2539 sodales
1190 2498 1333 2551 (Λάμα
1356 2500 1507 2553 χρηστὲ
1528 2501 1663 2553 χαῖρε)
1682 2501 1765 2552 17⁰).

134 2562 280 2602 Vei-sio
318 2565 546 2604 Ziebarthii
584 2565 644 2604 sic
681 2565 812 2615 igitur
845 2564 1095 2615 corrigenda
1125 2567 1206 2603 est:
1244 2565 1406 2604 ‘Valeas
1434 2566 1591 2615 optime
1621 2567 1765 2606 Dama.

39 2672 49 2674 ,
133 2627 216 2673 Qui
245 2640 312 2668 me
341 2629 400 2680 (te
429 2629 496 2681 Ζ.)
528 2632 874 2680 contempserunt
900 2630 1109 2669 sodalium
1135 2630 1213 2669 mei
1243 2630 1321 2681 (tui
1348 2630 1416 2680 Z.)
1445 2631 1626 2681 collegii,
1659 2632 1766 2670 idem

38 2691 54 2715 ἶ
133 2693 369 2744 patiantur,
408 2695 578 2745 Jupiter
615 2697 734 2745 pater
774 2694 842 2747 (ac
878 2698 924 2734 tu
962 2697 1081 2745 pater
1111 2694 1200 2745 Z.);
1241 2696 1313 2745 qui
1343 2698 1484 2735 autem
1515 2708 1581 2735 mc
1611 2697 1669 2747 (te
1698 2698 1766 2745 Z.)

46 2780 50 2782 -
132 2757 247 2797 iusto
273 2758 424 2798 funere
451 2759 708 2810 affecerunt,
741 2760 868 2810 longa
899 2760 983 2799 vita
1013 2759 1244 2799 fruantur’.

186 2822 224 2862 3.
284 2824 469 2863 Imitatio
505 2825 695 2864 eiusdem
732 2837 796 2875 ep.
834 2825 909 2865 128
947 2826 989 2864 in
1029 2826 1156 2864 inscr.
1190 2826 1339 2865 aetatis
1378 2827 1593 2865 Romanae
1629 2827 1767 2865 Panti-

133 2888 275 2937 capaei
314 2891 500 2939 reperta,
542 2889 654 2929 edita
692 2890 734 2928 in
774 2889 983 2929 '‘Recueil
1011 2890 1086 2929 des
1117 2891 1399 2940 publications
1427 2891 1479 2929 de
1507 2891 1546 2929 la
1575 2892 1767 2929 commis-

41 3079 43 3082 .
176 3034 239 3077 ¹⁷⁰)
286 3036 413 3070 Eadem
446 3038 542 3071 tituli
573 3043 682 3080 atque
713 3039 977 3081 epigrammatis
1007 3039 1163 3071 condicio
1194 3042 1291 3071 extat
1321 3049 1385 3079 cg.
1419 3040 1453 3071 in
1484 3049 1536 3080 ep.
1561 3038 1626 3070 208
1651 3038 1766 3071 Ram:

49 3102 54 3108 ’
92 3092 106 3097 “
130 3088 226 3135 Ἰόπη
249 3090 384 3136 χρηστὴ
408 3096 520 3136 χαῖρε.
550 3094 556 3135 Ι
593 3092 650 3130 Τίς
673 3092 803 3137 τούμὸν
826 3092 996 3137 δύστηνον
1018 3092 1075 3126 ἐπ’
1096 3093 1228 3136 οὕνομα
1253 3092 1370 3137 γράψε
1394 3092 1431 3127 τὸ
1455 3097 1576 3137 χαΐρες
1603 3093 1676 3127 κτλ.
