2072 3568
891 218 967 260 145
1513 217 1538 274 g
1569 219 1642 273 85,
1675 220 1740 263 86.

177 357 241 386 em
270 344 361 396 (τοῦ
385 341 533 394 αὐτοῦ)
561 343 766 383 tribueret
790 348 937 395 poetae
964 345 1034 397 (=
1057 346 1160 386 Sim.
1182 347 1255 386 181
1280 347 1345 396 B.,
1374 347 1426 386 ef.
1450 345 1475 398 ἓ
1497 347 1546 386 91
1570 359 1610 386 0.
1633 347 1742 397 120).

74 412 439 460 &Nonnumquam
475 411 794 460 epigrammatis
823 411 878 450 ab
906 412 940 450 A
969 412 1086 450 nullo
1115 413 1237 450 titulo
1266 412 1486 451 instructis
1516 412 1548 451 C
1578 424 1748 462 quoque

79 490 81 493 ’
108 477 294 519 auctoris
332 487 486 514 nomen
524 487 738 525 apponere
776 477 1037 526 supersedit,
1079 489 1176 516 eum
1213 477 1328 526 apud
1363 478 1596 516 Planudem
1626 479 1747 527 poeta

73 543 81 571 ὲ
109 540 382 594 praebeatur:
411 542 459 580 V.
489 541 509 580 1
540 543 580 580 et
611 540 686 579 142
717 552 829 580 nom.
857 554 939 580 om.
969 542 1038 582 AC
1067 543 1267 592 Meleagri
1297 543 1376 591 PL,
1406 544 1476 581 VI.
1497 543 1548 582 22
1574 555 1657 582 om.
1678 544 1746 583 AC

8 650 11 653 ,
111 607 253 647 Zonae
275 606 354 656 Pl.,
377 607 448 645 VI.
478 606 552 644 130
576 607 616 644 et
640 605 717 645 309
742 618 825 645 om.
851 607 918 646 AC
944 608 1154 646 Leonidae
1179 608 1239 646 Pl.
1265 608 1484 657 Plerisque
1502 611 1642 647 autem
1663 609 1746 648 iam

108 673 154 712 in
180 672 296 711 fonte
324 671 585 711 Correctoris
609 671 775 710 nullum
800 673 1014 721 appictum
1040 673 1174 712 fuisse
1198 674 1383 712 auctoris
1408 674 1588 712 indicem
1611 675 1746 713 conie-

6 723 80 760 ἶ
109 737 235 784 ceris;
259 737 469 786 imprimis
493 719 812 786 epigrammatis
831 738 878 776 V.
901 738 920 776 1
943 738 1036 776 ideo
1056 739 1233 787 periisse
1251 739 1401 776 titulus
1422 739 1602 788 videtur,
1632 740 1746 788 quod

6 785 13 810 ι’
37 826 64 880 ,
109 802 294 852 primum
317 802 579 852 epigramma
605 803 696 844 erat
720 802 1134 852 Anth.0epha1anae
1157 802 1227 853 (ef.
1247 803 1391 854 infra).
1427 804 1630 842 Consulto
1649 805 1746 843 titu-

68 867 197 906 lum
234 878 319 905 non
357 867 573 906 addidisse
611 867 779 905 videtur
817 867 849 906 C
887 868 1183 917 epigrammati
1211 869 1257 907 V.
1289 868 1387 918 140,
1430 869 1544 918 quod
1573 881 1746 919 eorrup-

82 931 215 972 telae
254 932 379 982 signo
420 931 583 970 notavit
628 931 848 982 (Meleagri
891 933 952 971 Pl.
960 932 996 983 );
1041 934 1088 972 V.
1131 934 1207 972 324
1250 934 1507 983 isopsephon
1551 934 1594 972 in
1639 935 1747 973 serie

6 1021 11 1050 l
44 986 72 1053 J
109 997 330 1046 Leonidea,
359 1008 620 1046 quamquam
647 997 770 1047 signo
795 998 943 1036 initiali
964 1010 987 1036 a
1009 999 1274 1047 praecedenti
1294 1010 1359 1048 ep.
1380 999 1644 1049 distinxerat,
1674 1011 1746 1038 no-

108 1061 221 1100 mine
239 1063 387 1111 poetae
404 1073 559 1100 ornare
578 1073 751 1100 neeesse
766 1074 852 1100 non
869 1063 1072 1102 habuisse
1088 1064 1255 1101 videtur
1274 1063 1503 1114 (Leonidae
1518 1066 1628 1102 reete
1643 1065 1702 1103 Pl.
1711 1064 1741 1115 ).

8 1173 10 1177 ι
161 1127 296 1165 Mirus
333 1128 397 1165 est
434 1127 583 1165 titulus
617 1127 913 1177 epigrammati
948 1129 995 1166 V.
1030 1128 1078 1167 31
1109 1126 1269 1179 ἄδηλον
1297 1129 1352 1178 A,
1395 1130 1462 1167 eui
1491 1130 1683 1168 adiunxit
1714 1130 1745 1169 C

35 1182 70 1246 j}
109 1189 151 1230 οἱ
177 1189 223 1230 δὲ
250 1189 488 1243 Νικάρχου.
522 1192 603 1230 Hie
633 1191 664 1231 O
694 1203 832 1241 neque
861 1205 1014 1231 nomen
1044 1193 1099 1232 ab
1124 1194 1157 1232 A
1176 1194 1382 1232 omissum
1405 1194 1588 1233 restituit
1609 1206 1746 1244 neque

60 1267 186 1306 ..ξρνο
221 1258 395 1295 auctore
429 1257 484 1296 ab
511 1257 546 1295 A
574 1257 673 1296 dato
703 1258 832 1296 alium
862 1258 1024 1308 posuit,
1067 1259 1141 1296 sed
1171 1259 1454 1308 epigramma,
1497 1259 1619 1298 euius
1649 1271 1745 1298 aue-

107 1321 240 1360 torem
265 1321 473 1361 incertum
499 1322 760 1361 indicaverat
782 1323 838 1372 A,
870 1323 1115 1362 dubitanter
1139 1323 1287 1361 tribuit
1311 1326 1424 1362 eerto
1451 1326 1608 1373 poetae.
1643 1325 1741 1375 Hie,

80 1386 277 1436 ¹opinor,
320 1387 542 1426 Correetor
579 1387 752 1437 proprio
786 1399 894 1426 usus
928 1388 1099 1438 ingenio
1134 1400 1185 1426 ex
1214 1391 1467 1438 argumento
1495 1390 1747 1439 dicendique

76 1491 78 1494 ,
109 1451 271 1491 ratione
307 1454 473 1502 poetam
508 1453 631 1491 eruit.
674 1453 804 1492 Valde
837 1454 1066 1492 dolendum
1105 1456 1190 1503 est,
1233 1455 1346 1503 quod
1376 1455 1455 1493 hoc
1483 1455 1744 1504 epigramma

75 1517 86 1571 ζ
107 1527 134 1556 a
162 1517 374 1567 Planude,
408 1510 530 1556 cuius
558 1518 708 1556 titulus
738 1530 827 1556 rem
855 1519 1094 1558 diremisset
1109 1518 1194 1569 107),
1229 1531 1314 1557 non
1341 1522 1553 1569 receptum
1577 1522 1640 1558 est
1655 1520 1740 1570 10Θ).

73 1580 92 1628 J
162 1581 396 1632 Usurpanti
434 1583 579 1622 titulos
617 1595 640 1622 a
680 1583 711 1622 O
740 1584 925 1623 adiectos
953 1584 996 1622 in
1026 1585 1086 1622 eis
1116 1585 1242 1623 Anth.
1277 1584 1494 1623 Palatinae
1522 1585 1740 1635 partibus,

74 1639 190 1699 ‘pubi
226 1645 571 1701 epiyrammata
606 1648 699 1687 fere
735 1648 896 1687 omnia
931 1650 1175 1688 (tractorum
1204 1648 1473 1688 nominibus
1500 1648 1741 1700 instrunt,

108 1713 338 1752 tenendum
366 1713 499 1763 igitur
526 1715 590 1752 est
620 1713 909 1753 Correctorem
939 1715 1152 1753 hominem
1183 1726 1286 1753 sane
1314 1726 1409 1753 esse
1436 1715 1520 1753 fide
1540 1715 1740 1765 dignum,

77 1773 81 1821 ᾗ
114 1788 437 1827 nonnumquam
468 1790 569 1817 vero
598 1790 706 1828 non,
740 1790 825 1828 qua
854 1791 933 1828 par
961 1782 1073 1829 erat,
1107 1780 1322 1829 diligentia
1353 1783 1595 1830 grassatum
1625 1792 1740 1831 esse,

109 1852 245 1892 neque
272 1843 377 1882 adeo
405 1844 670 1883 coniecturas
699 1844 927 1893 sprevisse.
961 1845 1134 1883 Minime
1161 1847 1301 1884 autem
1331 1845 1614 1895 discrepantia
1645 1846 1744 1885 Cor—

82 1907 282 1959 ,rectoris
319 1910 447 1958 atque
485 1909 689 1948 Planudis
728 1910 991 1949 demonstrat
1029 1910 1199 1948 titulum
1234 1910 1346 1948 illius
1382 1910 1524 1948 deberi
1554 1911 1742 1960 ingenim

80 1976 84 1980 ’
108 1974 294 2022 quantae
321 1974 434 2012 enim
463 1975 753 2024 neglegentiae
778 1975 991 2014 Planudes
1016 1975 1144 2014 fuerit
1168 1975 1210 2013 in
1236 1975 1590 2024 epigrammatum
1611 1976 1744 2014 titulis

7 2078 10 2086 J
49 2071 73 2090 a
108 2037 392 2087 'ascribendiffi
439 2039 590 2078 dooere
631 2041 768 2087 potest
809 2040 1029 2078 titulorum
1069 2039 1234 2089 septimi
1272 2039 1366 2077 libri
1407 2040 1608 2078 Planudei
1647 2053 1743 2079 eum

49 2093 100 2185 '324
108 2101 232 2152 primi
261 2103 492 2153 Cephalani
523 2103 594 2155 (=
622 2105 704 2142 ΑΡ.
728 2104 781 2154 V)
813 2105 1072 2154 comparatio
1100 2116 1124 2143 a
1157 2104 1458 2143 Stadtmauero
1488 2105 1507 2142 1
1538 2117 1577 2154 p.
1601 2106 1742 2143 xxm

66 2143 201 2224 §.sqq
224 2168 437 2218 instituta,
465 2169 519 2208 ad
544 2181 673 2219 quam
699 2170 875 2208 lectores
897 2170 1104 2219 relegatos
1125 2181 1218 2208 esse
1239 2170 1377 2208 velim.
1412 2170 1743 2219 Nonnumquam

7 2223 10 2241 ‘
108 2234 256 2272 neuter
284 2234 518 2284 genuinum
549 2235 839 2284 Cephalanum
869 2235 1039 2273 titulum
1069 2237 1256 2273 servavit
1284 2246 1318 2273 e.
1327 2247 1366 2284 g.
1393 2235 1576 2283 primum
1606 2236 1739 2285 epigr

65 2296 232 2337 Anth
267 2298 533 2348 Cephalanae
563 2299 663 2349 (ΑΡ.
697 2300 743 2338 V.
771 2299 813 2348 1,
848 2299 931 2338 vid.
957 2298 1130 2349 supra),
1163 2299 1278 2348 quod
1310 2311 1447 2348 neque
1470 2300 1524 2338 ab
1550 2300 1581 2338 A
1608 2311 1744 2350 neque

4 2360 6 2363 ’
108 2371 134 2401 a
170 2362 202 2402 C
239 2364 425 2402 auctoris
460 2364 632 2403 nomine
667 2365 878 2403 munitum
908 2366 993 2414 est,
1036 2376 1059 2403 a
1090 2365 1282 2403 Planude
1311 2376 1411 2402 vero
1439 2366 1594 2403 temere
1622 2365 1743 2403 seriei

108 2427 459 2478 epigrammatum
500 2429 699 2479 Meleagri
738 2431 802 2467 est
839 2429 1087 2467 adiunctum
1129 2429 1266 2479 (Plan.
1303 2430 1394 2467 VII.
1432 2429 1549 2479 115),
1597 2431 1744 2479 procul

108 2488 237 2531 dubio
266 2493 423 2532 Rufino
450 2494 726 2533 tribuendum
755 2494 857 2532 mihi
889 2494 1069 2533 videtur.

163 2555 190 2608 ξ
227 2557 293 2597 86.
358 2557 486 2607 Quae
528 2558 872 2610 epiyram‘mata
912 2558 1049 2598 titulo
1089 2558 1232 2598 dubio
1272 2560 1441 2598 ornata
1477 2558 1585 2599 sint.
1647 2561 1743 2609 Epi-

59 2682 215 2735 finio-1)
259 2693 310 2727 cf.
344 2705 397 2738 ep.
422 2696 494 2728 Vll.
526 2695 592 2728 352
623 2693 815 2728 ἀδέσποτον
845 2694 882 2728 οἵ
910 2693 950 2728 δέ
981 2707 1069 2739 φασι
1103 2694 1311 2738 Μελεάγρου
1335 2679 1420 2729 α’ὐτὸ
1444 2692 1530 2728 εἶναι
1556 2697 1591 2730 C.
1630 2697 1742 2729 Plan:

74 2757 90 2797 J
107 2745 307 2783 ἀδέσποτον.
343 2752 418 2785 vid.
442 2751 459 2793 ᾖ
483 2751 537 2786 87.
565 2754 601 2785 lu
627 2753 765 2798 talibus*
782 2754 898 2786 titulis
921 2754 1007 2786 illud
1034 2750 1129 2785 οἶδὲ
1153 2753 1240 2785 nihil
1269 2754 1359 2785 valet
1383 2753 1446 2784 nisi
1471 2750 1503 2794 ἤ.

73 2815 91 2853 ggj
151 2805 214 2847 108)
259 2807 470 2841 Correctoris
500 2810 722 2842 coniecturae
755 2811 955 2851 exemplum
991 2820 1059 2842 non
1091 2820 1171 2841 «eum
1204 2809 1475 2841 Reitzensteinio
1501 2819 1529 2850 p.
1554 2808 1597 2840 98
1621 2809 1744 2850 ‹lepre—

77 2852 79 2854 ¹
110 2860 290 2896 henderim
325 2865 359 2896 in
396 2865 502 2897 titulo
537 2875 590 2907 ep.
623 2865 661 2898 V.
696 2864 779 2907 307,
816 2875 923 2907 quem
962 2866 1030 2897 iarn
1066 2876 1173 2907 supra
1210 2876 1238 2906 p.
1276 2865 1340 2896 144
1377 2865 1503 2896 attuli:
1541 2866 1599 2895 τοῦ
1635 2862 1742 2895 αὐτοῦ

185 2915 393 2962 Ἀντιφίλου)
419 2920 464 2961 Α,
488 2922 544 2953 cui
569 2918 591 2963 ἢ
614 2918 748 2963 μᾶλλον
772 2918 975 2963 Φιλοδήμου
1001 2920 1133 2961 ‘wegen
1159 2922 1221 2952 «lev
1243 2921 1502 2960 Nachalnnung
1528 2920 1742 2959 Philmlems,

110 2975 241 3007 welche
270 2986 309 3008 er
341 2977 428 3008 noch
460 2976 663 3019 empstndet'
697 2977 934 3010 Corra-torem
970 2978 1193 3009 snbiunxisse
1226 2987 1255 3009 v.
1287 2978 1329 3009 cl.
1362 2981 1491 3008 vemet.
1530 2978 1639 3009 lmmn
1662 2987 1741 3008 vum

73 3037 87 3051 ¹
109 3038 160 3072 ep.
198 3032 304 3064 etium
347 3043 367 3065 0
408 3033 563 3066 Planude
602 3034 779 3067 tribuatur
822 3034 1045 3075 l’lnilodemo,
1084 3034 1279 3075 genuinum
1320 3033 1465 3065 titulum
1502 3033 1742 3073 (teplmlunmn

74 3080 297 3139 ἧχᾍνῐιφίλου
321 3086 343 3131 ἢ
369 3086 571 3132 Φιλοδήμου
597 3090 704 3123 fuisse
729 3090 937 3133 putaverim.

1568 3144 1611 3178 10
