<?xml version="1.0" encoding="UTF-8"?>
<!DOCTYPE html PUBLIC "-//W3C//DTD XHTML 1.0 Transitional//EN"
    "http://www.w3.org/TR/xhtml1/DTD/xhtml1-transitional.dtd">
<html xmlns="http://www.w3.org/1999/xhtml" xml:lang="en" lang="en">
 <head>
  <title>
</title>
<meta http-equiv="Content-Type" content="text/html;charset=utf-8" />
  <meta name='ocr-system' content='tesseract 3.04.00' />
  <meta name='ocr-capabilities' content='ocr_page ocr_carea ocr_par ocr_line ocrx_word'/>
</head>
<body>
  <div class='ocr_page' id='page_1' title='image "./deepigrammatasim00boasuoft_0235.png"; bbox 0 0 2072 3568; ppageno 0'>
   <div class='ocr_carea' id='block_1_1' title="bbox 942 235 1791 287">
    <p class='ocr_par' dir='ltr' id='par_1_1' title="bbox 942 235 1791 287">
     <span class='ocr_line' id='line_1_1' title="bbox 942 235 1791 287; baseline 0.001 -12"><span class='ocrx_word' id='word_1_1' title='bbox 942 236 1019 275; x_wconf 87' lang='lat'>213</span> <span class='ocrx_word' id='word_1_2' title='bbox 1512 235 1538 287; x_wconf 66' lang='lat' dir='ltr'>g</span> <span class='ocrx_word' id='word_1_3' title='bbox 1570 237 1791 276; x_wconf 76' lang='lat'>125-127.</span> 
     </span>
    </p>
   </div>
   <div class='ocr_carea' id='block_1_2' title="bbox 162 359 1798 411">
    <p class='ocr_par' dir='ltr' id='par_1_2' title="bbox 162 359 1798 411">
     <span class='ocr_line' id='line_1_2' title="bbox 162 359 1798 411; baseline -0.001 -11"><span class='ocrx_word' id='word_1_4' title='bbox 162 363 248 411; x_wconf 87' lang='lat' dir='ltr'>est,</span> <span class='ocrx_word' id='word_1_5' title='bbox 280 372 365 410; x_wconf 91' lang='lat' dir='ltr'>qua</span> <span class='ocrx_word' id='word_1_6' title='bbox 393 372 564 399; x_wconf 89' lang='lat' dir='ltr'>carmen</span> <span class='ocrx_word' id='word_1_7' title='bbox 594 371 688 398; x_wconf 88' lang='lat' dir='ltr'>esse</span> <span class='ocrx_word' id='word_1_8' title='bbox 719 359 1006 399; x_wconf 89' lang='lat' dir='ltr'>Simonideam</span> <span class='ocrx_word' id='word_1_9' title='bbox 1030 360 1304 398; x_wconf 90' lang='lat' dir='ltr'>imitationem</span> <span class='ocrx_word' id='word_1_10' title='bbox 1331 361 1428 399; x_wconf 92' lang='lat' dir='ltr'>sciri</span> <span class='ocrx_word' id='word_1_11' title='bbox 1453 363 1595 410; x_wconf 90' lang='lat' dir='ltr'>posset</span> <span class='ocrx_word' id='word_1_12' title='bbox 1619 361 1798 410; x_wconf 91' lang='lat' dir='ltr'>ideoque</span> 
     </span>
    </p>
   </div>
   <div class='ocr_carea' id='block_1_3' title="bbox 59 403 1795 482">
    <p class='ocr_par' dir='ltr' id='par_1_3' title="bbox 59 400 1795 482">
     <span class='ocr_line' id='line_1_3' title="bbox 59 403 1795 482; baseline -0.001 -17"><span class='ocrx_word' id='word_1_13' title='bbox 59 403 84 482; x_wconf 21' lang='grc' dir='ltr'>ὲ,</span> <span class='ocrx_word' id='word_1_14' title='bbox 162 427 216 466; x_wconf 91' lang='lat' dir='ltr'>ad</span> <span class='ocrx_word' id='word_1_15' title='bbox 237 426 544 476; x_wconf 86' lang='lat' dir='ltr'><strong>Thermopylas</strong></span> <span class='ocrx_word' id='word_1_16' title='bbox 570 425 717 463; x_wconf 83' lang='lat' dir='ltr'>referri</span> <span class='ocrx_word' id='word_1_17' title='bbox 741 425 906 463; x_wconf 90' lang='lat' dir='ltr'>debere.</span> <span class='ocrx_word' id='word_1_18' title='bbox 940 425 1056 464; x_wconf 90' lang='lat' dir='ltr'>Haec</span> <span class='ocrx_word' id='word_1_19' title='bbox 1078 425 1276 464; x_wconf 89' lang='lat' dir='ltr'>lemmata</span> <span class='ocrx_word' id='word_1_20' title='bbox 1301 425 1354 463; x_wconf 92' lang='lat' dir='ltr'>ab</span> <span class='ocrx_word' id='word_1_21' title='bbox 1378 426 1410 463; x_wconf 95' lang='lat' dir='ltr'>L</span> <span class='ocrx_word' id='word_1_22' title='bbox 1431 426 1600 474; x_wconf 90' lang='lat' dir='ltr'>quidem</span> <span class='ocrx_word' id='word_1_23' title='bbox 1624 428 1795 464; x_wconf 87' lang='lat' dir='ltr'>exarata</span> 
     </span>
    </p>
   </div>
   <div class='ocr_carea' id='block_1_4' title="bbox 161 490 1796 931">
    <p class='ocr_par' dir='ltr' id='par_1_4' title="bbox 161 490 1795 672">
     <span class='ocr_line' id='line_1_4' title="bbox 162 490 1791 543; baseline -0.001 -12"><span class='ocrx_word' id='word_1_24' title='bbox 162 494 290 541; x_wconf 88' lang='lat' dir='ltr'>sunt,</span> <span class='ocrx_word' id='word_1_25' title='bbox 336 492 499 543; x_wconf 23' lang='lat' dir='ltr'>sedfflut</span> <span class='ocrx_word' id='word_1_26' title='bbox 539 491 691 530; x_wconf 89' lang='lat' dir='ltr'>lemma</span> <span class='ocrx_word' id='word_1_27' title='bbox 729 491 1047 540; x_wconf 84' lang='lat' dir='ltr'><strong>epigrammatis</strong></span> <span class='ocrx_word' id='word_1_28' title='bbox 1087 491 1293 530; x_wconf 88' lang='lat' dir='ltr'>Corinthii</span> <span class='ocrx_word' id='word_1_29' title='bbox 1331 491 1423 529; x_wconf 87' lang='lat' dir='ltr'>VII.</span> <span class='ocrx_word' id='word_1_30' title='bbox 1466 491 1544 530; x_wconf 85' lang='lat'>250</span> <span class='ocrx_word' id='word_1_31' title='bbox 1585 490 1631 542; x_wconf 65' lang='grc' dir='ltr'>(ξ</span> <span class='ocrx_word' id='word_1_32' title='bbox 1674 490 1791 541; x_wconf 92' lang='grc'>101),</span> 
     </span>
     <span class='ocr_line' id='line_1_5' title="bbox 162 555 1795 606; baseline -0.001 -10"><span class='ocrx_word' id='word_1_33' title='bbox 162 557 370 596; x_wconf 83' lang='lat' dir='ltr'>debentur</span> <span class='ocrx_word' id='word_1_34' title='bbox 397 557 481 595; x_wconf 92' lang='lat' dir='ltr'>iam</span> <span class='ocrx_word' id='word_1_35' title='bbox 511 557 787 606; x_wconf 87' lang='lat' dir='ltr'>grammatico</span> <span class='ocrx_word' id='word_1_36' title='bbox 815 557 1044 605; x_wconf 86' lang='lat' dir='ltr'>antiquiori</span> <span class='ocrx_word' id='word_1_37' title='bbox 1065 555 1149 606; x_wconf 71' lang='lat' dir='ltr'>lffl).</span> <span class='ocrx_word' id='word_1_38' title='bbox 1184 557 1312 594; x_wconf 90' lang='lat' dir='ltr'>Plura</span> <span class='ocrx_word' id='word_1_39' title='bbox 1343 557 1394 594; x_wconf 93' lang='lat' dir='ltr'>de</span> <span class='ocrx_word' id='word_1_40' title='bbox 1422 557 1631 595; x_wconf 88' lang='lat' dir='ltr'>lemmatis</span> <span class='ocrx_word' id='word_1_41' title='bbox 1660 557 1795 595; x_wconf 89' lang='lat' dir='ltr'>imita-</span> 
     </span>
     <span class='ocr_line' id='line_1_6' title="bbox 161 620 1342 672; baseline -0.001 -11"><span class='ocrx_word' id='word_1_42' title='bbox 161 623 325 662; x_wconf 88' lang='lat' dir='ltr'>tionum</span> <span class='ocrx_word' id='word_1_43' title='bbox 357 622 698 661; x_wconf 90' lang='lat' dir='ltr'>Simonidearum</span> <span class='ocrx_word' id='word_1_44' title='bbox 727 622 968 660; x_wconf 88' lang='lat' dir='ltr'>Mnasalcae</span> <span class='ocrx_word' id='word_1_45' title='bbox 997 622 1080 660; x_wconf 87' lang='lat' dir='ltr'>vid.</span> <span class='ocrx_word' id='word_1_46' title='bbox 1113 620 1138 672; x_wconf 64' lang='grc' dir='ltr'>ξ</span> <span class='ocrx_word' id='word_1_47' title='bbox 1172 622 1248 660; x_wconf 91' lang='grc'>127</span> <span class='ocrx_word' id='word_1_48' title='bbox 1279 633 1342 670; x_wconf 90' lang='lat' dir='ltr'>sq.</span> 
     </span>
    </p>

    <p class='ocr_par' dir='ltr' id='par_1_5' title="bbox 162 685 1796 931">
     <span class='ocr_line' id='line_1_7' title="bbox 217 685 1791 745; baseline -0.001 -19"><span class='ocrx_word' id='word_1_49' title='bbox 217 687 243 739; x_wconf 64' lang='grc' dir='ltr'>ἓ</span> <span class='ocrx_word' id='word_1_50' title='bbox 287 688 376 727; x_wconf 83' lang='grc'>126.</span> <span class='ocrx_word' id='word_1_51' title='bbox 437 686 505 727; x_wconf 81' lang='lat' dir='ltr'>De</span> <span class='ocrx_word' id='word_1_52' title='bbox 559 685 717 726; x_wconf 75' lang='lat' dir='ltr'>ceteris</span> <span class='ocrx_word' id='word_1_53' title='bbox 772 685 1121 745; x_wconf 73' lang='lat' dir='ltr'>imitationibus</span> <span class='ocrx_word' id='word_1_54' title='bbox 1176 686 1441 726; x_wconf 74' lang='lat' dir='ltr'>Mnasalcae</span> <span class='ocrx_word' id='word_1_55' title='bbox 1495 685 1791 726; x_wconf 78' lang='lat' dir='ltr'>Simonideis.</span> 
     </span>
     <span class='ocr_line' id='line_1_8' title="bbox 163 752 1796 801; baseline -0.001 -9"><span class='ocrx_word' id='word_1_56' title='bbox 163 754 334 793; x_wconf 83' lang='lat' dir='ltr'>Praeter</span> <span class='ocrx_word' id='word_1_57' title='bbox 379 753 663 792; x_wconf 87' lang='lat' dir='ltr'>Simonideam</span> <span class='ocrx_word' id='word_1_58' title='bbox 706 752 982 791; x_wconf 83' lang='lat' dir='ltr'>imitat-ionem</span> <span class='ocrx_word' id='word_1_59' title='bbox 1025 763 1178 801; x_wconf 90' lang='lat' dir='ltr'>unam,</span> <span class='ocrx_word' id='word_1_60' title='bbox 1226 763 1336 800; x_wconf 91' lang='lat' dir='ltr'>quae</span> <span class='ocrx_word' id='word_1_61' title='bbox 1378 752 1619 790; x_wconf 89' lang='lat' dir='ltr'>Mnasalcae</span> <span class='ocrx_word' id='word_1_62' title='bbox 1662 753 1796 801; x_wconf 87' lang='lat' dir='ltr'>ipsius</span> 
     </span>
     <span class='ocr_line' id='line_1_9' title="bbox 163 817 1792 867; baseline -0.001 -9"><span class='ocrx_word' id='word_1_63' title='bbox 163 819 332 858; x_wconf 92' lang='lat' dir='ltr'>nomine</span> <span class='ocrx_word' id='word_1_64' title='bbox 359 819 567 857; x_wconf 87' lang='lat' dir='ltr'>instructa</span> <span class='ocrx_word' id='word_1_65' title='bbox 597 818 799 867; x_wconf 82' lang='lat' dir='ltr'>traditur,</span> <span class='ocrx_word' id='word_1_66' title='bbox 841 818 966 867; x_wconf 88' lang='lat' dir='ltr'>plura</span> <span class='ocrx_word' id='word_1_67' title='bbox 995 817 1124 855; x_wconf 87' lang='lat' dir='ltr'>huius</span> <span class='ocrx_word' id='word_1_68' title='bbox 1154 819 1300 866; x_wconf 90' lang='lat' dir='ltr'>poetae</span> <span class='ocrx_word' id='word_1_69' title='bbox 1327 829 1439 866; x_wconf 90' lang='lat' dir='ltr'>epp.,</span> <span class='ocrx_word' id='word_1_70' title='bbox 1473 819 1520 855; x_wconf 88' lang='lat' dir='ltr'>ut</span> <span class='ocrx_word' id='word_1_71' title='bbox 1548 817 1605 855; x_wconf 87' lang='lat' dir='ltr'>ita</span> <span class='ocrx_word' id='word_1_72' title='bbox 1634 817 1792 866; x_wconf 88' lang='lat' dir='ltr'>dicam,</span> 
     </span>
     <span class='ocr_line' id='line_1_10' title="bbox 162 882 1796 931; baseline -0.002 -8"><span class='ocrx_word' id='word_1_73' title='bbox 162 882 435 924; x_wconf 79' lang='lat' dir='ltr'>Simonidea</span> <span class='ocrx_word' id='word_1_74' title='bbox 471 885 650 922; x_wconf 86' lang='lat' dir='ltr'>aetatem</span> <span class='ocrx_word' id='word_1_75' title='bbox 679 883 829 921; x_wconf 87' lang='lat' dir='ltr'>tulisse</span> <span class='ocrx_word' id='word_1_76' title='bbox 858 882 960 920; x_wconf 91' lang='lat' dir='ltr'>mihi</span> <span class='ocrx_word' id='word_1_77' title='bbox 991 882 1208 930; x_wconf 86' lang='lat' dir='ltr'>videntur;</span> <span class='ocrx_word' id='word_1_78' title='bbox 1248 893 1358 931; x_wconf 89' lang='lat' dir='ltr'>quae</span> <span class='ocrx_word' id='word_1_79' title='bbox 1386 884 1527 920; x_wconf 89' lang='lat' dir='ltr'>tamen</span> <span class='ocrx_word' id='word_1_80' title='bbox 1558 882 1664 920; x_wconf 90' lang='lat' dir='ltr'>miro</span> <span class='ocrx_word' id='word_1_81' title='bbox 1693 894 1796 921; x_wconf 86' lang='lat' dir='ltr'>casu</span> 
     </span>
    </p>
   </div>
   <div class='ocr_carea' id='block_1_5' title="bbox 163 947 1792 997">
    <p class='ocr_par' dir='ltr' id='par_1_6' title="bbox 47 922 1792 1004">
     <span class='ocr_line' id='line_1_11' title="bbox 163 947 1792 997; baseline 0 -11"><span class='ocrx_word' id='word_1_82' title='bbox 163 961 247 988; x_wconf 91' lang='lat' dir='ltr'>non</span> <span class='ocrx_word' id='word_1_83' title='bbox 277 949 518 988; x_wconf 88' lang='lat' dir='ltr'>Mnasalcae</span> <span class='ocrx_word' id='word_1_84' title='bbox 546 948 620 986; x_wconf 91' lang='lat' dir='ltr'>sed</span> <span class='ocrx_word' id='word_1_85' title='bbox 648 948 729 997; x_wconf 90' lang='lat' dir='ltr'>ipsi</span> <span class='ocrx_word' id='word_1_86' title='bbox 761 947 968 986; x_wconf 89' lang='lat' dir='ltr'>Simonidi</span> <span class='ocrx_word' id='word_1_87' title='bbox 998 947 1145 986; x_wconf 85' lang='lat' dir='ltr'>tribuit</span> <span class='ocrx_word' id='word_1_88' title='bbox 1174 947 1356 985; x_wconf 87' lang='lat' dir='ltr'>traditio.</span> <span class='ocrx_word' id='word_1_89' title='bbox 1390 947 1516 996; x_wconf 83' lang='lat' dir='ltr'>Epp.,</span> <span class='ocrx_word' id='word_1_90' title='bbox 1550 959 1659 995; x_wconf 88' lang='lat' dir='ltr'>quae</span> <span class='ocrx_word' id='word_1_91' title='bbox 1679 948 1792 997; x_wconf 91' lang='lat' dir='ltr'>volo,</span> 
     </span>
    </p>
   </div>
   <div class='ocr_carea' id='block_1_6' title="bbox 160 1011 1798 1456">
    <p class='ocr_par' dir='ltr' id='par_1_7' title="bbox 160 1011 1798 1456">
     <span class='ocr_line' id='line_1_12' title="bbox 161 1011 1795 1064; baseline -0.002 -10"><span class='ocrx_word' id='word_1_92' title='bbox 161 1015 302 1054; x_wconf 89' lang='lat' dir='ltr'>omnia</span> <span class='ocrx_word' id='word_1_93' title='bbox 324 1037 378 1041; x_wconf 97' lang='lat'><strong>—</strong></span> <span class='ocrx_word' id='word_1_94' title='bbox 402 1016 604 1064; x_wconf 90' lang='lat' dir='ltr'>quattuor</span> <span class='ocrx_word' id='word_1_95' title='bbox 626 1016 727 1052; x_wconf 84' lang='lat' dir='ltr'>sunt</span> <span class='ocrx_word' id='word_1_96' title='bbox 751 1035 802 1040; x_wconf 92' lang='lat'>—</span> <span class='ocrx_word' id='word_1_97' title='bbox 827 1013 1004 1051; x_wconf 92' lang='lat' dir='ltr'>eandem</span> <span class='ocrx_word' id='word_1_98' title='bbox 1028 1013 1212 1051; x_wconf 87' lang='lat' dir='ltr'>indolem</span> <span class='ocrx_word' id='word_1_99' title='bbox 1237 1014 1365 1061; x_wconf 89' lang='lat' dir='ltr'>atque</span> <span class='ocrx_word' id='word_1_100' title='bbox 1388 1011 1566 1049; x_wconf 88' lang='lat' dir='ltr'>eandem</span> <span class='ocrx_word' id='word_1_101' title='bbox 1592 1012 1795 1050; x_wconf 89' lang='lat' dir='ltr'>rationem</span> 
     </span>
     <span class='ocr_line' id='line_1_13' title="bbox 160 1076 1797 1131; baseline -0.004 -11"><span class='ocrx_word' id='word_1_102' title='bbox 160 1081 413 1130; x_wconf 89' lang='lat' dir='ltr'>ostendunt,</span> <span class='ocrx_word' id='word_1_103' title='bbox 447 1091 555 1129; x_wconf 90' lang='lat' dir='ltr'>quas</span> <span class='ocrx_word' id='word_1_104' title='bbox 576 1078 816 1117; x_wconf 88' lang='lat' dir='ltr'>Mnasalcae</span> <span class='ocrx_word' id='word_1_105' title='bbox 835 1090 899 1127; x_wconf 91' lang='lat' dir='ltr'>ep.</span> <span class='ocrx_word' id='word_1_106' title='bbox 924 1078 1215 1117; x_wconf 90' lang='lat' dir='ltr'>Simonideum</span> <span class='ocrx_word' id='word_1_107' title='bbox 1233 1076 1604 1131; x_wconf 13' lang='lat' dir='ltr'>Thtermopylense.</span> <span class='ocrx_word' id='word_1_108' title='bbox 1638 1077 1797 1114; x_wconf 86' lang='lat' dir='ltr'>Extant</span> 
     </span>
     <span class='ocr_line' id='line_1_14' title="bbox 161 1141 1796 1196; baseline -0.003 -12"><span class='ocrx_word' id='word_1_109' title='bbox 161 1145 204 1184; x_wconf 90' lang='lat' dir='ltr'>in</span> <span class='ocrx_word' id='word_1_110' title='bbox 229 1146 505 1196; x_wconf 88' lang='lat' dir='ltr'>Anthologiae</span> <span class='ocrx_word' id='word_1_111' title='bbox 529 1145 745 1183; x_wconf 86' lang='lat' dir='ltr'>Palatinae</span> <span class='ocrx_word' id='word_1_112' title='bbox 770 1144 1023 1194; x_wconf 86' lang='lat' dir='ltr'>fragmentis</span> <span class='ocrx_word' id='word_1_113' title='bbox 1048 1143 1318 1192; x_wconf 88' lang='lat' dir='ltr'>Meleagreis,</span> <span class='ocrx_word' id='word_1_114' title='bbox 1352 1142 1404 1180; x_wconf 89' lang='lat' dir='ltr'>ad</span> <span class='ocrx_word' id='word_1_115' title='bbox 1434 1142 1633 1191; x_wconf 86' lang='lat' dir='ltr'>Syllogen</span> <span class='ocrx_word' id='word_1_116' title='bbox 1663 1141 1796 1180; x_wconf 87' lang='lat' dir='ltr'>Simo-</span> 
     </span>
     <span class='ocr_line' id='line_1_15' title="bbox 162 1207 1797 1259; baseline -0.003 -10"><span class='ocrx_word' id='word_1_117' title='bbox 162 1210 329 1253; x_wconf 85' lang='lat' dir='ltr'>nideam</span> <span class='ocrx_word' id='word_1_118' title='bbox 359 1222 460 1248; x_wconf 90' lang='lat' dir='ltr'>vero</span> <span class='ocrx_word' id='word_1_119' title='bbox 489 1210 637 1248; x_wconf 87' lang='lat' dir='ltr'>referri</span> <span class='ocrx_word' id='word_1_120' title='bbox 666 1222 751 1248; x_wconf 91' lang='lat' dir='ltr'>non</span> <span class='ocrx_word' id='word_1_121' title='bbox 782 1211 1012 1259; x_wconf 87' lang='lat' dir='ltr'>potuerunt</span> <span class='ocrx_word' id='word_1_122' title='bbox 1043 1208 1089 1259; x_wconf 61' lang='grc' dir='ltr'>(ξ</span> <span class='ocrx_word' id='word_1_123' title='bbox 1123 1207 1231 1258; x_wconf 90' lang='grc'><strong>104).</strong></span> <span class='ocrx_word' id='word_1_124' title='bbox 1266 1208 1450 1246; x_wconf 88' lang='lat' dir='ltr'>Imitatio</span> <span class='ocrx_word' id='word_1_125' title='bbox 1471 1208 1513 1245; x_wconf 94' lang='lat' dir='ltr'>in</span> <span class='ocrx_word' id='word_1_126' title='bbox 1536 1207 1587 1245; x_wconf 91' lang='lat' dir='ltr'>iis</span> <span class='ocrx_word' id='word_1_127' title='bbox 1610 1207 1797 1245; x_wconf 90' lang='lat' dir='ltr'>cernitur</span> 
     </span>
     <span class='ocr_line' id='line_1_16' title="bbox 164 1273 1798 1325; baseline -0.002 -11"><span class='ocrx_word' id='word_1_128' title='bbox 164 1275 395 1315; x_wconf 84' lang='lat' dir='ltr'>Simonidei</span> <span class='ocrx_word' id='word_1_129' title='bbox 423 1275 742 1325; x_wconf 85' lang='lat' dir='ltr'>epigrammatis</span> <span class='ocrx_word' id='word_1_130' title='bbox 771 1274 1019 1324; x_wconf 90' lang='lat' dir='ltr'>praesertim</span> <span class='ocrx_word' id='word_1_131' title='bbox 1050 1274 1201 1323; x_wconf 89' lang='lat' dir='ltr'>unius,</span> <span class='ocrx_word' id='word_1_132' title='bbox 1240 1273 1391 1311; x_wconf 90' lang='lat' dir='ltr'>deinde</span> <span class='ocrx_word' id='word_1_133' title='bbox 1419 1273 1598 1311; x_wconf 91' lang='lat' dir='ltr'>aliorum</span> <span class='ocrx_word' id='word_1_134' title='bbox 1628 1283 1798 1321; x_wconf 90' lang='lat' dir='ltr'>quoque</span> 
     </span>
     <span class='ocr_line' id='line_1_17' title="bbox 161 1337 1797 1391; baseline -0.004 -11"><span class='ocrx_word' id='word_1_135' title='bbox 161 1341 515 1391; x_wconf 85' lang='lat' dir='ltr'>epigrammatum</span> <span class='ocrx_word' id='word_1_136' title='bbox 531 1340 764 1380; x_wconf 87' lang='lat' dir='ltr'>locutiones</span> <span class='ocrx_word' id='word_1_137' title='bbox 780 1339 846 1378; x_wconf 84' lang='lat' dir='ltr'>vel</span> <span class='ocrx_word' id='word_1_138' title='bbox 862 1339 1095 1378; x_wconf 89' lang='lat' dir='ltr'>sententiae</span> <span class='ocrx_word' id='word_1_139' title='bbox 1111 1338 1409 1388; x_wconf 84' lang='lat' dir='ltr'>respiciuntur.</span> <span class='ocrx_word' id='word_1_140' title='bbox 1444 1337 1592 1376; x_wconf 88' lang='lat' dir='ltr'>Sermo</span> <span class='ocrx_word' id='word_1_141' title='bbox 1607 1337 1797 1375; x_wconf 90' lang='lat' dir='ltr'>tumidus</span> 
     </span>
     <span class='ocr_line' id='line_1_18' title="bbox 161 1402 1798 1456; baseline -0.004 -10"><span class='ocrx_word' id='word_1_142' title='bbox 161 1409 225 1446; x_wconf 79' lang='lat' dir='ltr'>est</span> <span class='ocrx_word' id='word_1_143' title='bbox 262 1407 390 1456; x_wconf 88' lang='lat' dir='ltr'>atque</span> <span class='ocrx_word' id='word_1_144' title='bbox 426 1417 750 1454; x_wconf 90' lang='lat' dir='ltr'>nonnumquam</span> <span class='ocrx_word' id='word_1_145' title='bbox 790 1405 847 1443; x_wconf 87' lang='lat' dir='ltr'>ita</span> <span class='ocrx_word' id='word_1_146' title='bbox 886 1405 1128 1453; x_wconf 90' lang='lat' dir='ltr'>contortus,</span> <span class='ocrx_word' id='word_1_147' title='bbox 1171 1406 1218 1442; x_wconf 92' lang='lat' dir='ltr'>ut</span> <span class='ocrx_word' id='word_1_148' title='bbox 1256 1403 1334 1441; x_wconf 90' lang='lat' dir='ltr'>viri</span> <span class='ocrx_word' id='word_1_149' title='bbox 1373 1403 1483 1442; x_wconf 91' lang='lat' dir='ltr'>docti</span> <span class='ocrx_word' id='word_1_150' title='bbox 1521 1415 1621 1441; x_wconf 90' lang='lat' dir='ltr'>vera</span> <span class='ocrx_word' id='word_1_151' title='bbox 1659 1402 1798 1441; x_wconf 89' lang='lat' dir='ltr'>indole</span> 
     </span>
    </p>
   </div>
   <div class='ocr_carea' id='block_1_7' title="bbox 97 1467 1797 1519">
    <p class='ocr_par' dir='ltr' id='par_1_8' title="bbox 97 1467 1797 1519">
     <span class='ocr_line' id='line_1_19' title="bbox 97 1467 1797 1519; baseline -0.004 -9"><span class='ocrx_word' id='word_1_152' title='bbox 97 1470 117 1480; x_wconf 55' lang='lat'><em>³</em></span> <span class='ocrx_word' id='word_1_153' title='bbox 161 1471 310 1510; x_wconf 90' lang='lat' dir='ltr'>talium</span> <span class='ocrx_word' id='word_1_154' title='bbox 346 1471 584 1510; x_wconf 84' lang='lat' dir='ltr'>carminum</span> <span class='ocrx_word' id='word_1_155' title='bbox 623 1482 709 1509; x_wconf 91' lang='lat' dir='ltr'>non</span> <span class='ocrx_word' id='word_1_156' title='bbox 748 1471 968 1519; x_wconf 88' lang='lat' dir='ltr'>perspecta</span> <span class='ocrx_word' id='word_1_157' title='bbox 1007 1469 1075 1508; x_wconf 92' lang='lat' dir='ltr'>alii</span> <span class='ocrx_word' id='word_1_158' title='bbox 1114 1469 1206 1507; x_wconf 92' lang='lat' dir='ltr'>aliis</span> <span class='ocrx_word' id='word_1_159' title='bbox 1245 1468 1498 1507; x_wconf 87' lang='lat' dir='ltr'>coniecturis</span> <span class='ocrx_word' id='word_1_160' title='bbox 1527 1467 1797 1516; x_wconf 85' lang='lat' dir='ltr'>asperitatem</span> 
     </span>
    </p>
   </div>
   <div class='ocr_carea' id='block_1_8' title="bbox 157 1532 1799 2954">
    <p class='ocr_par' dir='ltr' id='par_1_9' title="bbox 161 1532 1798 2109">
     <span class='ocr_line' id='line_1_20' title="bbox 161 1532 1798 1584; baseline -0.004 -9"><span class='ocrx_word' id='word_1_161' title='bbox 161 1537 379 1575; x_wconf 89' lang='lat' dir='ltr'>eliminare</span> <span class='ocrx_word' id='word_1_162' title='bbox 420 1536 675 1575; x_wconf 86' lang='lat' dir='ltr'>studuerint.</span> <span class='ocrx_word' id='word_1_163' title='bbox 728 1536 943 1574; x_wconf 90' lang='lat' dir='ltr'>Lemmata</span> <span class='ocrx_word' id='word_1_164' title='bbox 986 1535 1037 1572; x_wconf 87' lang='lat' dir='ltr'>iis</span> <span class='ocrx_word' id='word_1_165' title='bbox 1081 1534 1273 1584; x_wconf 90' lang='lat' dir='ltr'>apposita</span> <span class='ocrx_word' id='word_1_166' title='bbox 1318 1533 1516 1571; x_wconf 88' lang='lat' dir='ltr'>videntur</span> <span class='ocrx_word' id='word_1_167' title='bbox 1559 1532 1798 1581; x_wconf 86' lang='lat' dir='ltr'>antiquiore</span> 
     </span>
     <span class='ocr_line' id='line_1_21' title="bbox 162 1598 1796 1650; baseline -0.004 -10"><span class='ocrx_word' id='word_1_168' title='bbox 162 1603 298 1641; x_wconf 86' lang='lat' dir='ltr'>aetate</span> <span class='ocrx_word' id='word_1_169' title='bbox 316 1601 370 1640; x_wconf 89' lang='lat' dir='ltr'>ab</span> <span class='ocrx_word' id='word_1_170' title='bbox 390 1600 657 1650; x_wconf 83' lang='lat' dir='ltr'>hominibus,</span> <span class='ocrx_word' id='word_1_171' title='bbox 686 1601 759 1650; x_wconf 93' lang='lat' dir='ltr'>qui</span> <span class='ocrx_word' id='word_1_172' title='bbox 780 1601 846 1639; x_wconf 88' lang='lat' dir='ltr'>vel</span> <span class='ocrx_word' id='word_1_173' title='bbox 867 1600 1056 1639; x_wconf 84' lang='lat' dir='ltr'>sciebant</span> <span class='ocrx_word' id='word_1_174' title='bbox 1076 1600 1142 1638; x_wconf 89' lang='lat' dir='ltr'>vel</span> <span class='ocrx_word' id='word_1_175' title='bbox 1162 1598 1482 1648; x_wconf 86' lang='lat' dir='ltr'>intellegebant,</span> <span class='ocrx_word' id='word_1_176' title='bbox 1511 1609 1796 1647; x_wconf 90' lang='lat' dir='ltr'>quorumnam</span> 
     </span>
     <span class='ocr_line' id='line_1_22' title="bbox 162 1662 1797 1718; baseline -0.004 -12"><span class='ocrx_word' id='word_1_177' title='bbox 162 1667 518 1718; x_wconf 85' lang='lat' dir='ltr'>epigrammatum</span> <span class='ocrx_word' id='word_1_178' title='bbox 556 1666 898 1706; x_wconf 89' lang='lat' dir='ltr'>Simonideorum</span> <span class='ocrx_word' id='word_1_179' title='bbox 933 1667 1075 1704; x_wconf 89' lang='lat' dir='ltr'>essent</span> <span class='ocrx_word' id='word_1_180' title='bbox 1109 1664 1376 1703; x_wconf 89' lang='lat' dir='ltr'>imitationes.</span> <span class='ocrx_word' id='word_1_181' title='bbox 1423 1663 1585 1701; x_wconf 84' lang='lat' dir='ltr'>Titulos</span> <span class='ocrx_word' id='word_1_182' title='bbox 1618 1662 1797 1701; x_wconf 89' lang='lat' dir='ltr'>Simoni-</span> 
     </span>
     <span class='ocr_line' id='line_1_23' title="bbox 161 1727 1797 1783; baseline -0.004 -11"><span class='ocrx_word' id='word_1_183' title='bbox 161 1733 284 1783; x_wconf 88' lang='lat' dir='ltr'>deos,</span> <span class='ocrx_word' id='word_1_184' title='bbox 318 1733 476 1782; x_wconf 90' lang='lat' dir='ltr'>quibus</span> <span class='ocrx_word' id='word_1_185' title='bbox 501 1744 616 1770; x_wconf 89' lang='lat' dir='ltr'>nunc</span> <span class='ocrx_word' id='word_1_186' title='bbox 635 1731 909 1780; x_wconf 72' lang='lat' dir='ltr'>muniuntur,</span> <span class='ocrx_word' id='word_1_187' title='bbox 943 1730 1041 1769; x_wconf 87' lang='lat' dir='ltr'>inde</span> <span class='ocrx_word' id='word_1_188' title='bbox 1059 1732 1175 1769; x_wconf 88' lang='lat' dir='ltr'>ortos</span> <span class='ocrx_word' id='word_1_189' title='bbox 1195 1741 1289 1768; x_wconf 87' lang='lat' dir='ltr'>esse</span> <span class='ocrx_word' id='word_1_190' title='bbox 1308 1730 1432 1778; x_wconf 88' lang='lat' dir='ltr'>puto,</span> <span class='ocrx_word' id='word_1_191' title='bbox 1466 1728 1579 1777; x_wconf 87' lang='lat' dir='ltr'>quod</span> <span class='ocrx_word' id='word_1_192' title='bbox 1601 1727 1797 1777; x_wconf 87' lang='lat' dir='ltr'>primitus</span> 
     </span>
     <span class='ocr_line' id='line_1_24' title="bbox 162 1794 1797 1849; baseline -0.004 -12"><span class='ocrx_word' id='word_1_193' title='bbox 162 1798 471 1849; x_wconf 86' lang='lat' dir='ltr'>insignirentur</span> <span class='ocrx_word' id='word_1_194' title='bbox 521 1797 788 1836; x_wconf 89' lang='lat' dir='ltr'>Simonideae</span> <span class='ocrx_word' id='word_1_195' title='bbox 834 1795 1080 1834; x_wconf 89' lang='lat' dir='ltr'>imitationis</span> <span class='ocrx_word' id='word_1_196' title='bbox 1127 1795 1268 1843; x_wconf 90' lang='lat' dir='ltr'>aliqua</span> <span class='ocrx_word' id='word_1_197' title='bbox 1316 1795 1441 1842; x_wconf 88' lang='lat' dir='ltr'>nota,</span> <span class='ocrx_word' id='word_1_198' title='bbox 1497 1805 1606 1842; x_wconf 89' lang='lat' dir='ltr'>quae</span> <span class='ocrx_word' id='word_1_199' title='bbox 1652 1794 1797 1842; x_wconf 88' lang='lat' dir='ltr'>postea</span> 
     </span>
     <span class='ocr_line' id='line_1_25' title="bbox 164 1858 1793 1909; baseline -0.005 -6"><span class='ocrx_word' id='word_1_200' title='bbox 164 1864 403 1903; x_wconf 89' lang='lat' dir='ltr'>Mnasalcae</span> <span class='ocrx_word' id='word_1_201' title='bbox 430 1874 584 1901; x_wconf 90' lang='lat' dir='ltr'>nomen</span> <span class='ocrx_word' id='word_1_202' title='bbox 614 1861 892 1900; x_wconf 89' lang='lat' dir='ltr'>summoverit</span> <span class='ocrx_word' id='word_1_203' title='bbox 916 1862 1137 1909; x_wconf 88' lang='lat' dir='ltr'>totumque</span> <span class='ocrx_word' id='word_1_204' title='bbox 1160 1859 1328 1898; x_wconf 92' lang='lat' dir='ltr'>titulum</span> <span class='ocrx_word' id='word_1_205' title='bbox 1351 1858 1633 1907; x_wconf 77' lang='lat' dir='ltr'>occupaverit.</span> <span class='ocrx_word' id='word_1_206' title='bbox 1669 1858 1793 1907; x_wconf 89' lang='lat' dir='ltr'>Epp.,</span> 
     </span>
     <span class='ocr_line' id='line_1_26' title="bbox 162 1921 1793 1978; baseline -0.004 -11"><span class='ocrx_word' id='word_1_207' title='bbox 162 1940 272 1978; x_wconf 90' lang='lat' dir='ltr'>quae</span> <span class='ocrx_word' id='word_1_208' title='bbox 308 1929 392 1967; x_wconf 88' lang='lat' dir='ltr'>huc</span> <span class='ocrx_word' id='word_1_209' title='bbox 429 1928 639 1977; x_wconf 89' lang='lat' dir='ltr'>pertinere</span> <span class='ocrx_word' id='word_1_210' title='bbox 676 1927 801 1976; x_wconf 92' lang='lat' dir='ltr'>puto,</span> <span class='ocrx_word' id='word_1_211' title='bbox 844 1927 945 1964; x_wconf 89' lang='lat' dir='ltr'>sunt</span> <span class='ocrx_word' id='word_1_212' title='bbox 974 1925 1055 1963; x_wconf 92' lang='grc' dir='ltr'>ΑΡ.</span> <span class='ocrx_word' id='word_1_213' title='bbox 1089 1925 1183 1963; x_wconf 91' lang='lat' dir='ltr'>VII.</span> <span class='ocrx_word' id='word_1_214' title='bbox 1217 1924 1294 1962; x_wconf 83' lang='lat'>443</span> <span class='ocrx_word' id='word_1_215' title='bbox 1326 1923 1449 1973; x_wconf 87' lang='lat' dir='ltr'>(Sim.</span> <span class='ocrx_word' id='word_1_216' title='bbox 1487 1923 1583 1972; x_wconf 88' lang='lat'>106,</span> <span class='ocrx_word' id='word_1_217' title='bbox 1620 1921 1644 1973; x_wconf 65' lang='grc' dir='ltr'><strong>ἓ</strong></span> <span class='ocrx_word' id='word_1_218' title='bbox 1679 1921 1793 1972; x_wconf 86' lang='grc'>127),</span> 
     </span>
     <span class='ocr_line' id='line_1_27' title="bbox 161 1987 1797 2044; baseline -0.004 -12"><span class='ocrx_word' id='word_1_219' title='bbox 161 1993 256 2032; x_wconf 90' lang='lat' dir='ltr'>VII.</span> <span class='ocrx_word' id='word_1_220' title='bbox 288 1993 366 2032; x_wconf 89' lang='grc'>442</span> <span class='ocrx_word' id='word_1_221' title='bbox 406 1992 530 2044; x_wconf 90' lang='lat' dir='ltr'>(Sim.</span> <span class='ocrx_word' id='word_1_222' title='bbox 566 1992 662 2042; x_wconf 82' lang='lat'>103,</span> <span class='ocrx_word' id='word_1_223' title='bbox 708 1991 733 2042; x_wconf 65' lang='grc' dir='ltr'>ξ</span> <span class='ocrx_word' id='word_1_224' title='bbox 772 1991 888 2041; x_wconf 87' lang='grc'>128),</span> <span class='ocrx_word' id='word_1_225' title='bbox 931 1991 1025 2030; x_wconf 90' lang='lat' dir='ltr'>VII.</span> <span class='ocrx_word' id='word_1_226' title='bbox 1059 1991 1133 2029; x_wconf 86' lang='lat'>301</span> <span class='ocrx_word' id='word_1_227' title='bbox 1178 1989 1301 2040; x_wconf 86' lang='lat' dir='ltr'>(Sim.</span> <span class='ocrx_word' id='word_1_228' title='bbox 1335 1989 1409 2038; x_wconf 83' lang='lat'>95,</span> <span class='ocrx_word' id='word_1_229' title='bbox 1454 1987 1479 2039; x_wconf 66' lang='grc' dir='ltr'><strong>ξ</strong></span> <span class='ocrx_word' id='word_1_230' title='bbox 1513 1988 1628 2038; x_wconf 85' lang='grc'>129),</span> <span class='ocrx_word' id='word_1_231' title='bbox 1670 1989 1739 2026; x_wconf 93' lang='lat' dir='ltr'>VI.</span> <span class='ocrx_word' id='word_1_232' title='bbox 1774 1989 1797 2026; x_wconf 89' lang='grc'>2</span> 
     </span>
     <span class='ocr_line' id='line_1_28' title="bbox 165 2057 632 2109; baseline -0.004 -12"><span class='ocrx_word' id='word_1_233' title='bbox 165 2057 289 2109; x_wconf 89' lang='lat' dir='ltr'>(Sim.</span> <span class='ocrx_word' id='word_1_234' title='bbox 324 2058 422 2108; x_wconf 87' lang='lat'>143,</span> <span class='ocrx_word' id='word_1_235' title='bbox 464 2057 489 2109; x_wconf 69' lang='grc' dir='ltr'>ἓ</span> <span class='ocrx_word' id='word_1_236' title='bbox 523 2057 632 2107; x_wconf 87' lang='grc'>130).</span> 
     </span>
    </p>

    <p class='ocr_par' dir='ltr' id='par_1_10' title="bbox 157 2116 1799 2619">
     <span class='ocr_line' id='line_1_29' title="bbox 219 2116 1797 2175; baseline -0.005 -12"><span class='ocrx_word' id='word_1_237' title='bbox 219 2123 244 2175; x_wconf 65' lang='grc' dir='ltr'><strong>ἓ</strong></span> <span class='ocrx_word' id='word_1_238' title='bbox 276 2123 364 2162; x_wconf 90' lang='grc'>127.</span> <span class='ocrx_word' id='word_1_239' title='bbox 428 2122 494 2162; x_wconf 83' lang='lat' dir='ltr'>De</span> <span class='ocrx_word' id='word_1_240' title='bbox 512 2134 579 2173; x_wconf 81' lang='lat' dir='ltr'>ep.</span> <span class='ocrx_word' id='word_1_241' title='bbox 599 2119 968 2172; x_wconf 71' lang='lat' dir='ltr'>Eurymedontio</span> <span class='ocrx_word' id='word_1_242' title='bbox 990 2119 1094 2158; x_wconf 87' lang='lat'>106.</span> <span class='ocrx_word' id='word_1_243' title='bbox 1142 2120 1195 2159; x_wconf 88' lang='lat' dir='ltr'>Ut</span> <span class='ocrx_word' id='word_1_244' title='bbox 1216 2119 1503 2157; x_wconf 88' lang='lat' dir='ltr'>Mnasalceum</span> <span class='ocrx_word' id='word_1_245' title='bbox 1524 2116 1587 2167; x_wconf 86' lang='lat' dir='ltr'>ep.</span> <span class='ocrx_word' id='word_1_246' title='bbox 1604 2118 1697 2156; x_wconf 88' lang='lat' dir='ltr'>VII.</span> <span class='ocrx_word' id='word_1_247' title='bbox 1720 2118 1797 2155; x_wconf 86' lang='grc'>242</span> 
     </span>
     <span class='ocr_line' id='line_1_30' title="bbox 163 2182 1795 2238; baseline -0.004 -10"><span class='ocrx_word' id='word_1_248' title='bbox 163 2188 564 2238; x_wconf 83' lang='lat' dir='ltr'>Thermopylensem</span> <span class='ocrx_word' id='word_1_249' title='bbox 608 2198 825 2236; x_wconf 89' lang='lat' dir='ltr'>pugnam,</span> <span class='ocrx_word' id='word_1_250' title='bbox 877 2186 937 2224; x_wconf 86' lang='lat' dir='ltr'>sic</span> <span class='ocrx_word' id='word_1_251' title='bbox 982 2184 1271 2224; x_wconf 88' lang='lat' dir='ltr'>Simonideum</span> <span class='ocrx_word' id='word_1_252' title='bbox 1316 2184 1409 2222; x_wconf 93' lang='lat' dir='ltr'>VII.</span> <span class='ocrx_word' id='word_1_253' title='bbox 1452 2184 1528 2222; x_wconf 80' lang='lat'>443</span> <span class='ocrx_word' id='word_1_254' title='bbox 1575 2183 1656 2233; x_wconf 86' lang='lat' dir='ltr'>(ep.</span> <span class='ocrx_word' id='word_1_255' title='bbox 1702 2182 1795 2232; x_wconf 89' lang='lat'>106)</span> 
     </span>
     <span class='ocr_line' id='line_1_31' title="bbox 161 2245 1796 2305; baseline -0.006 -11"><span class='ocrx_word' id='word_1_256' title='bbox 161 2245 541 2305; x_wconf 86' lang='lat' dir='ltr'>Eurymedontiam</span> <span class='ocrx_word' id='word_1_257' title='bbox 581 2253 771 2302; x_wconf 85' lang='lat' dir='ltr'>spectare</span> <span class='ocrx_word' id='word_1_258' title='bbox 809 2251 889 2289; x_wconf 91' lang='lat' dir='ltr'>nisi</span> <span class='ocrx_word' id='word_1_259' title='bbox 929 2263 980 2289; x_wconf 87' lang='lat' dir='ltr'>ex</span> <span class='ocrx_word' id='word_1_260' title='bbox 1018 2250 1213 2288; x_wconf 86' lang='lat' dir='ltr'>lemmate</span> <span class='ocrx_word' id='word_1_261' title='bbox 1250 2250 1342 2298; x_wconf 90' lang='lat' dir='ltr'>ipso</span> <span class='ocrx_word' id='word_1_262' title='bbox 1379 2249 1489 2287; x_wconf 79' lang='lat' dir='ltr'>effici</span> <span class='ocrx_word' id='word_1_263' title='bbox 1526 2260 1609 2286; x_wconf 93' lang='lat' dir='ltr'>non</span> <span class='ocrx_word' id='word_1_264' title='bbox 1641 2249 1796 2297; x_wconf 80' lang='lat' dir='ltr'>potest:</span> 
     </span>
     <span class='ocr_line' id='line_1_32' title="bbox 163 2312 1798 2367; baseline -0.005 -8"><span class='ocrx_word' id='word_1_265' title='bbox 163 2319 219 2363; x_wconf 86' lang='grc' dir='ltr'>εἰς</span> <span class='ocrx_word' id='word_1_266' title='bbox 246 2317 342 2363; x_wconf 80' lang='grc' dir='ltr'><strong><em>τοὺς</em></strong></span> <span class='ocrx_word' id='word_1_267' title='bbox 368 2316 570 2361; x_wconf 81' lang='grc' dir='ltr'><strong><em>πεσόντας</em></strong></span> <span class='ocrx_word' id='word_1_268' title='bbox 597 2316 700 2367; x_wconf 78' lang='grc' dir='ltr'><em>παρ’</em></span> <span class='ocrx_word' id='word_1_269' title='bbox 726 2314 1029 2367; x_wconf 78' lang='grc' dir='ltr'><em>Εὐρυμέδοντα</em></span> <span class='ocrx_word' id='word_1_270' title='bbox 1054 2313 1245 2365; x_wconf 82' lang='grc' dir='ltr'><em>ποταμὸν</em></span> <span class='ocrx_word' id='word_1_271' title='bbox 1263 2312 1466 2365; x_wconf 71' lang='grc' dir='ltr'>’Έλληνας</span> <span class='ocrx_word' id='word_1_272' title='bbox 1492 2313 1798 2364; x_wconf 85' lang='lat' dir='ltr'>(expectaveris</span> 
     </span>
     <span class='ocr_line' id='line_1_33' title="bbox 157 2377 1797 2436; baseline -0.005 -12"><span class='ocrx_word' id='word_1_273' title='bbox 157 2383 427 2436; x_wconf 76' lang='grc' dir='ltr'><em>Ἀθηναίους,</em></span> <span class='ocrx_word' id='word_1_274' title='bbox 456 2384 535 2422; x_wconf 91' lang='lat' dir='ltr'>hac</span> <span class='ocrx_word' id='word_1_275' title='bbox 558 2383 611 2422; x_wconf 86' lang='lat' dir='ltr'>de</span> <span class='ocrx_word' id='word_1_276' title='bbox 631 2394 676 2421; x_wconf 90' lang='lat' dir='ltr'>re</span> <span class='ocrx_word' id='word_1_277' title='bbox 695 2382 779 2420; x_wconf 91' lang='lat' dir='ltr'>vid.</span> <span class='ocrx_word' id='word_1_278' title='bbox 803 2380 828 2432; x_wconf 61' lang='grc' dir='ltr'><strong>ξ</strong></span> <span class='ocrx_word' id='word_1_279' title='bbox 854 2381 928 2420; x_wconf 89' lang='grc'>128</span> <span class='ocrx_word' id='word_1_280' title='bbox 948 2393 988 2430; x_wconf 91' lang='lat' dir='ltr'>p.</span> <span class='ocrx_word' id='word_1_281' title='bbox 1009 2380 1126 2430; x_wconf 86' lang='lat'>219);</span> <span class='ocrx_word' id='word_1_282' title='bbox 1153 2391 1237 2429; x_wconf 87' lang='lat' dir='ltr'>qua</span> <span class='ocrx_word' id='word_1_283' title='bbox 1258 2379 1310 2418; x_wconf 90' lang='lat' dir='ltr'>de</span> <span class='ocrx_word' id='word_1_284' title='bbox 1329 2390 1458 2418; x_wconf 88' lang='lat' dir='ltr'>causa</span> <span class='ocrx_word' id='word_1_285' title='bbox 1477 2378 1635 2417; x_wconf 82' lang='lat' dir='ltr'>Jacobs</span> <span class='ocrx_word' id='word_1_286' title='bbox 1658 2377 1797 2416; x_wconf 82' lang='lat' dir='ltr'>stadt-</span> 
     </span>
     <span class='ocr_line' id='line_1_34' title="bbox 163 2442 1798 2498; baseline -0.006 -9"><span class='ocrx_word' id='word_1_287' title='bbox 163 2450 314 2490; x_wconf 84' lang='lat' dir='ltr'>miiller</span> <span class='ocrx_word' id='word_1_288' title='bbox 359 2449 574 2488; x_wconf 87' lang='lat' dir='ltr'>Schwartz</span> <span class='ocrx_word' id='word_1_289' title='bbox 618 2447 783 2498; x_wconf 87' lang='lat' dir='ltr'>(Herm.</span> <span class='ocrx_word' id='word_1_290' title='bbox 826 2446 890 2485; x_wconf 85' lang='lat'>35.</span> <span class='ocrx_word' id='word_1_291' title='bbox 936 2445 1037 2484; x_wconf 88' lang='grc'>1900</span> <span class='ocrx_word' id='word_1_292' title='bbox 1079 2457 1119 2494; x_wconf 89' lang='lat' dir='ltr'>p.</span> <span class='ocrx_word' id='word_1_293' title='bbox 1156 2444 1231 2483; x_wconf 89' lang='lat'>118</span> <span class='ocrx_word' id='word_1_294' title='bbox 1274 2456 1314 2482; x_wconf 90' lang='lat' dir='ltr'>n.</span> <span class='ocrx_word' id='word_1_295' title='bbox 1354 2442 1396 2493; x_wconf 90' lang='grc'>4)</span> <span class='ocrx_word' id='word_1_296' title='bbox 1441 2443 1606 2481; x_wconf 91' lang='lat' dir='ltr'>mentiri</span> <span class='ocrx_word' id='word_1_297' title='bbox 1646 2444 1798 2492; x_wconf 90' lang='lat' dir='ltr'>putant</span> 
     </span>
     <span class='ocr_line' id='line_1_35' title="bbox 163 2507 1799 2564; baseline -0.006 -10"><span class='ocrx_word' id='word_1_298' title='bbox 163 2515 328 2555; x_wconf 88' lang='lat' dir='ltr'>lemma.</span> <span class='ocrx_word' id='word_1_299' title='bbox 362 2513 694 2564; x_wconf 85' lang='lat' dir='ltr'>Epigrammatis</span> <span class='ocrx_word' id='word_1_300' title='bbox 719 2523 820 2551; x_wconf 92' lang='lat' dir='ltr'>vero</span> <span class='ocrx_word' id='word_1_301' title='bbox 839 2511 1002 2550; x_wconf 85' lang='lat' dir='ltr'>indoles</span> <span class='ocrx_word' id='word_1_302' title='bbox 1021 2509 1260 2549; x_wconf 86' lang='lat' dir='ltr'>examinata</span> <span class='ocrx_word' id='word_1_303' title='bbox 1281 2508 1466 2557; x_wconf 89' lang='lat' dir='ltr'>docebit,</span> <span class='ocrx_word' id='word_1_304' title='bbox 1495 2519 1622 2557; x_wconf 90' lang='lat' dir='ltr'>quam</span> <span class='ocrx_word' id='word_1_305' title='bbox 1643 2507 1799 2557; x_wconf 87' lang='lat' dir='ltr'>optime</span> 
     </span>
     <span class='ocr_line' id='line_1_36' title="bbox 163 2579 482 2619; baseline -0.003 0"><span class='ocrx_word' id='word_1_306' title='bbox 163 2580 206 2619; x_wconf 91' lang='lat' dir='ltr'>id</span> <span class='ocrx_word' id='word_1_307' title='bbox 235 2592 281 2619; x_wconf 90' lang='lat' dir='ltr'>se</span> <span class='ocrx_word' id='word_1_308' title='bbox 308 2579 482 2619; x_wconf 86' lang='lat' dir='ltr'>habeat:</span> 
     </span>
    </p>

    <p class='ocr_par' dir='ltr' id='par_1_11' title="bbox 165 2636 1796 2954">
     <span class='ocr_line' id='line_1_37' title="bbox 429 2636 1506 2693; baseline -0.006 -10"><span class='ocrx_word' id='word_1_309' title='bbox 429 2642 563 2683; x_wconf 78' lang='grc' dir='ltr'><em>τῶνδέ</em></span> <span class='ocrx_word' id='word_1_310' title='bbox 589 2642 681 2682; x_wconf 82' lang='grc' dir='ltr'><strong>ποτ’</strong></span> <span class='ocrx_word' id='word_1_311' title='bbox 706 2641 750 2682; x_wconf 80' lang='grc' dir='ltr'>ἐν</span> <span class='ocrx_word' id='word_1_312' title='bbox 778 2641 979 2693; x_wconf 80' lang='grc' dir='ltr'><strong><em>στέρνοισι</em></strong></span> <span class='ocrx_word' id='word_1_313' title='bbox 1007 2638 1316 2692; x_wconf 80' lang='grc' dir='ltr'><em>τανυγλώχινας</em></span> <span class='ocrx_word' id='word_1_314' title='bbox 1345 2636 1506 2682; x_wconf 74' lang='grc' dir='ltr'><strong><em>ὀιστοὺς</em></strong></span> 
     </span>
     <span class='ocr_line' id='line_1_38' title="bbox 482 2703 1397 2759; baseline -0.007 -11"><span class='ocrx_word' id='word_1_315' title='bbox 482 2707 631 2749; x_wconf 86' lang='grc' dir='ltr'><em>λοῦσεν</em></span> <span class='ocrx_word' id='word_1_316' title='bbox 659 2706 853 2759; x_wconf 80' lang='grc' dir='ltr'>φοινίσσᾳ</span> <span class='ocrx_word' id='word_1_317' title='bbox 882 2706 1045 2758; x_wconf 76' lang='grc' dir='ltr'><strong><em>θοῦρος</em></strong></span> <span class='ocrx_word' id='word_1_318' title='bbox 1064 2704 1193 2757; x_wconf 75' lang='grc' dir='ltr'><strong><em>Ἤρης</em></strong></span> <span class='ocrx_word' id='word_1_319' title='bbox 1222 2703 1397 2756; x_wconf 64' lang='grc' dir='ltr'><strong><em>ψαίιάόι.</em></strong></span> 
     </span>
     <span class='ocr_line' id='line_1_39' title="bbox 431 2767 1575 2823; baseline -0.006 -10"><span class='ocrx_word' id='word_1_320' title='bbox 431 2771 518 2813; x_wconf 81' lang='grc' dir='ltr'><em>ἀντὶ</em></span> <span class='ocrx_word' id='word_1_321' title='bbox 547 2771 586 2813; x_wconf 82' lang='grc' dir='ltr'>δ’</span> <span class='ocrx_word' id='word_1_322' title='bbox 610 2770 913 2813; x_wconf 83' lang='grc' dir='ltr'><em>ἀκοντοὸόκων</em></span> <span class='ocrx_word' id='word_1_323' title='bbox 941 2770 1112 2823; x_wconf 77' lang='grc' dir='ltr'><em>ἀνδρῶν</em></span> <span class='ocrx_word' id='word_1_324' title='bbox 1140 2772 1323 2822; x_wconf 79' lang='grc' dir='ltr'><em>μνημεῖα</em></span> <span class='ocrx_word' id='word_1_325' title='bbox 1353 2767 1575 2808; x_wconf 66' lang='grc' dir='ltr'><em>’θανόντων</em></span> 
     </span>
     <span class='ocr_line' id='line_1_40' title="bbox 484 2833 1321 2890; baseline -0.006 -12"><span class='ocrx_word' id='word_1_326' title='bbox 484 2837 618 2890; x_wconf 81' lang='grc' dir='ltr'><strong><em>ἅψυχ’</em></strong></span> <span class='ocrx_word' id='word_1_327' title='bbox 644 2836 854 2889; x_wconf 80' lang='grc' dir='ltr'><em>ἐμψύχων</em></span> <span class='ocrx_word' id='word_1_328' title='bbox 883 2835 959 2876; x_wconf 76' lang='grc' dir='ltr'>ἅδε</span> <span class='ocrx_word' id='word_1_329' title='bbox 987 2835 1167 2875; x_wconf 72' lang='grc' dir='ltr'><strong><em>κέκευθε</em></strong></span> <span class='ocrx_word' id='word_1_330' title='bbox 1195 2833 1321 2878; x_wconf 84' lang='grc' dir='ltr'><em>κόνις.</em></span> 
     </span>
     <span class='ocr_line' id='line_1_41' title="bbox 165 2897 1796 2954; baseline -0.007 -10"><span class='ocrx_word' id='word_1_331' title='bbox 165 2905 331 2944; x_wconf 87' lang='lat' dir='ltr'>Etenim</span> <span class='ocrx_word' id='word_1_332' title='bbox 369 2904 412 2943; x_wconf 90' lang='lat' dir='ltr'>in</span> <span class='ocrx_word' id='word_1_333' title='bbox 450 2904 530 2943; x_wconf 91' lang='lat' dir='ltr'>hoc</span> <span class='ocrx_word' id='word_1_334' title='bbox 565 2904 870 2954; x_wconf 88' lang='lat' dir='ltr'>epigrammate</span> <span class='ocrx_word' id='word_1_335' title='bbox 906 2901 1116 2952; x_wconf 88' lang='lat' dir='ltr'>oppositio</span> <span class='ocrx_word' id='word_1_336' title='bbox 1150 2901 1296 2940; x_wconf 88' lang='lat' dir='ltr'>eadem</span> <span class='ocrx_word' id='word_1_337' title='bbox 1325 2900 1435 2938; x_wconf 88' lang='lat' dir='ltr'>inter</span> <span class='ocrx_word' id='word_1_338' title='bbox 1464 2899 1646 2937; x_wconf 86' lang='lat' dir='ltr'>Graecos</span> <span class='ocrx_word' id='word_1_339' title='bbox 1678 2897 1796 2934; x_wconf 81' lang='lat' dir='ltr'>hasta</span> 
     </span>
    </p>
   </div>
   <div class='ocr_carea' id='block_1_9' title="bbox 190 2998 376 3004">
    <p class='ocr_par' dir='ltr' id='par_1_12' title="bbox 190 2998 376 3004">
     <span class='ocr_line' id='line_1_42' title="bbox 190 2998 376 3004; baseline 0 0"><span class='ocrx_word' id='word_1_340' title='bbox 190 2998 376 3004; x_wconf 95' lang='lat' dir='ltr'> </span> 
     </span>
    </p>
   </div>
   <div class='ocr_carea' id='block_1_10' title="bbox 167 3045 1798 3151">
    <p class='ocr_par' dir='ltr' id='par_1_13' title="bbox 167 3045 1798 3151">
     <span class='ocr_line' id='line_1_43' title="bbox 209 3045 1798 3095; baseline -0.008 -8"><span class='ocrx_word' id='word_1_341' title='bbox 209 3051 272 3094; x_wconf 68' lang='grc' dir='ltr'>ιΜ)</span> <span class='ocrx_word' id='word_1_342' title='bbox 318 3053 357 3085; x_wconf 84' lang='lat' dir='ltr'>Ei</span> <span class='ocrx_word' id='word_1_343' title='bbox 379 3063 530 3095; x_wconf 85' lang='lat' dir='ltr'>-quoquc</span> <span class='ocrx_word' id='word_1_344' title='bbox 561 3052 711 3085; x_wconf 83' lang='lat' dir='ltr'>debetur</span> <span class='ocrx_word' id='word_1_345' title='bbox 743 3051 871 3084; x_wconf 71' lang='lat' dir='ltr'>falsum</span> <span class='ocrx_word' id='word_1_346' title='bbox 904 3060 957 3092; x_wconf 80' lang='lat' dir='ltr'>cp.</span> <span class='ocrx_word' id='word_1_347' title='bbox 989 3050 1056 3081; x_wconf 82' lang='lat' dir='ltr'>Vll.</span> <span class='ocrx_word' id='word_1_348' title='bbox 1090 3048 1156 3081; x_wconf 69' lang='lat'>244</span> <span class='ocrx_word' id='word_1_349' title='bbox 1187 3047 1392 3087; x_wconf 71' lang='lat' dir='ltr'>(Gaetulici)</span> <span class='ocrx_word' id='word_1_350' title='bbox 1425 3048 1572 3086; x_wconf 78' lang='lat' dir='ltr'>lemma,</span> <span class='ocrx_word' id='word_1_351' title='bbox 1609 3055 1676 3077; x_wconf 85' lang='lat' dir='ltr'>non</span> <span class='ocrx_word' id='word_1_352' title='bbox 1712 3045 1798 3075; x_wconf 73' lang='grc' dir='ltr'>Ιυιιι-</span> 
     </span>
     <span class='ocr_line' id='line_1_44' title="bbox 167 3107 847 3151; baseline -0.006 -9"><span class='ocrx_word' id='word_1_353' title='bbox 167 3109 348 3149; x_wconf 79' lang='lat' dir='ltr'>inatistae,</span> <span class='ocrx_word' id='word_1_354' title='bbox 371 3109 434 3151; x_wconf 89' lang='lat' dir='ltr'>qui</span> <span class='ocrx_word' id='word_1_355' title='bbox 457 3109 489 3141; x_wconf 83' lang='lat' dir='ltr'>id</span> <span class='ocrx_word' id='word_1_356' title='bbox 515 3112 655 3141; x_wconf 75' lang='lat' dir='ltr'>tamum</span> <span class='ocrx_word' id='word_1_357' title='bbox 680 3107 847 3140; x_wconf 79' lang='lat' dir='ltr'>exaravit.</span> 
     </span>
    </p>
   </div>
   <div class='ocr_carea' id='block_1_11' title="bbox 0 0 157 3568">
    <p class='ocr_par' dir='ltr' id='par_1_14' title="bbox 0 0 157 3568">
     <span class='ocr_line' id='line_1_45' title="bbox 0 0 157 3568; baseline 0 0"><span class='ocrx_word' id='word_1_358' title='bbox 0 0 157 3568; x_wconf 95' lang='lat' dir='ltr'> </span> 
     </span>
    </p>
   </div>
  </div>
 </body>
</html>
