2072 3568
898 229 971 273 131
1522 231 1547 288 ἓ
1581 234 1651 287 76,
1688 234 1750 278 77.

85 403 88 405 Α
115 353 270 407 πρᾶξαι
307 357 368 408 τῷ
406 351 564 408 Ξέρξῃ,
603 352 777 396 Γέλωνα
816 355 851 396 σ’
881 359 984 401 ναῦς
1021 356 1312 409 εὖτρεπίσαντα
1350 357 1420 398 καὶ
1449 360 1489 411 λβ
1520 360 1655 405 ἱππεῖς
1684 361 1754 401 καὶ

115 419 267 468 πεζοὺς
296 435 318 472 ἰ
352 423 611 460 κατακοῦσαι
645 420 792 461 στόλον
821 420 1134 474 Καρχηδονίων
1160 422 1336 463 πλέοντα
1366 424 1432 463 ἐπὶ
1459 423 1654 465 Σικελίαν
1683 426 1753 466 καὶ

116 484 489 538 ὁιαμαχησάμενον
521 485 590 538 μὴ
628 485 799 538 μόνον
835 485 958 531 τοὺς
990 486 1326 533 Σικελιώτας
1361 488 1753 542 ἐλευθερῶσαι,

115 549 243 591 ἀλλὰ
271 551 359 590 καὶ
387 550 478 603 τὴν
501 549 724 591 Ἑλλάδα
753 551 1054 603 σύμπασαν.
1102 551 1231 604 [εἰκὸς
1259 552 1336 594 οὗν
1364 554 1488 607 ταύτῃ
1518 559 1567 608 τῇ
1596 556 1753 608 ἱστορίᾳ

115 615 422 669 ἐντετυχηκέναι
450 615 521 656 τὸν
553 615 803 669 Πίνδαρον]

167 682 248 721 Hic
266 682 474 721 habemus
494 683 782 733 fragmentum
802 682 995 734 Ephori.
1029 685 1179 723 Nonne
1201 688 1533 725 consentaneum
1554 689 1617 726 est
1637 699 1748 738 eum,

114 758 240 796 quem
263 748 674 797 argumentationem
699 749 1019 798 epigrammatis
1044 750 1219 789 firmare
1242 751 1412 790 solitum
1431 764 1525 790 esse
1545 753 1748 803 sciamus,

114 812 365 851 sententiam
393 811 461 864 μὴ
491 811 663 863 μόνον
691 811 787 857 τοὺς
813 811 1070 858 Σικελιώτας
1098 813 1489 867 ἐλευθερῶσαι,
1519 815 1639 856 ἀλλὰ
1669 817 1753 856 καὶ

113 877 186 931 τὴν
205 876 353 917 Ἑλλά
366 876 390 917 ὃ
403 892 428 917 α
453 877 680 929 σύμπασαν
699 880 892 918 consulto
917 880 975 919 ita
994 880 1183 930 dedisse,
1213 883 1260 920 ut
1279 884 1422 931 aptam
1443 882 1616 921 haberet
1635 895 1750 922 occa-

114 944 275 982 sionem
304 944 646 994 epigrammatis,
680 945 795 994 quod
825 957 940 984 nunc
969 946 1116 995 paucis
1147 947 1343 985 versibus
1372 949 1468 996 post
1496 948 1540 986 in
1573 948 1752 987 Scholiis

112 1009 284 1059 legitur,
317 1009 558 1048 afferendi?
589 1010 700 1055 Quid
729 1010 894 1061 igitur?
928 1010 1164 1050 Scholiasta
1195 1013 1490 1061 Ephoreorum
1521 1014 1749 1052 verborum

113 1075 365 1114 sententiam
386 1076 597 1125 ultimam,
621 1076 665 1114 in
685 1088 770 1125 qua
788 1076 1035 1115 Dinomenis
1055 1077 1241 1115 filiorum
1262 1078 1390 1117 fiebat
1407 1079 1581 1129 mentio,
1602 1080 1751 1118 melius

113 1140 166 1179 ad
195 1151 259 1179 vs.
286 1140 361 1179 154
390 1152 454 1190 sq.
484 1153 613 1190 quam
642 1141 696 1180 ad
726 1154 766 1180 V.
796 1141 872 1180 147
901 1142 1067 1181 laudari
1097 1143 1248 1191 sensit;
1279 1155 1370 1182 eam
1401 1144 1531 1193 igitur
1554 1156 1578 1183 a
1603 1145 1750 1183 ceteris

113 1205 346 1244 seiunctam
385 1217 496 1244 novo
533 1206 699 1245 dicendi
739 1207 870 1245 verbo
901 1206 1042 1259 (φασί)
1074 1208 1274 1258 subiecit,
1307 1221 1403 1247 cum
1433 1210 1632 1258 Ephorus
1662 1210 1752 1259 ipse

112 1270 335 1319 scripsisse
350 1264 558 1309 ‘videatur
586 1268 733 1310 Γέλων
762 1269 861 1323 γὰρ
884 1302 893 1310 .
916 1302 923 1310 .
947 1302 955 1310 .
977 1302 985 1311 .
1011 1270 1197 1324 ἀνέθηκε
1219 1303 1227 1311 .
1250 1303 1258 1312 .
1281 1303 1290 1311 .
1312 1303 1320 1312 .
1341 1272 1580 1325 ἐπιγράψας
1607 1273 1692 1314 κτλ.

166 1335 439 1375 Confidenter
467 1348 570 1386 ergo
598 1337 868 1376 traditionem
897 1338 931 1376 A
960 1338 1014 1377 ad
1044 1339 1266 1388 Ephorum
1296 1339 1542 1389 referimus,
1585 1352 1636 1378 ex
1665 1352 1750 1389 quo

110 1400 236 1439 etiam
273 1401 316 1439 in
356 1402 634 1440 Plutarchum
669 1414 763 1452 epp.
798 1403 1066 1442 Corinthiaca
1097 1404 1288 1453 quinque
1319 1403 1365 1455 (ξ
1396 1404 1465 1455 29)
1496 1407 1536 1444 et
1564 1417 1628 1455 ep.
1659 1406 1749 1445 Pla-

110 1467 280 1505 taeense
323 1467 398 1505 140
444 1465 490 1518 (ξ
530 1466 599 1517 50)
640 1468 819 1507 fluxisse
857 1469 1055 1508 vidimus.
1103 1470 1249 1518 Neque
1287 1482 1402 1509 nunc
1440 1471 1618 1509 dubium
1656 1483 1750 1510 esse

25 1504 43 1542 ’ἴ
112 1531 262 1581 potest,
282 1531 386 1580 quin
402 1531 621 1571 Collectori
638 1544 809 1582 quoque
823 1545 875 1572 ex
890 1534 1064 1582 Ephoro
1079 1545 1143 1583 ep.
1159 1536 1354 1573 nostrum
1370 1535 1615 1585 innotuerit,
1635 1537 1749 1585 apud

113 1606 238 1644 quem
276 1608 374 1635 eum
411 1597 628 1636 invenisse
655 1598 739 1636 iam
768 1599 967 1648 apparuit
995 1599 1140 1637 eadem
1171 1611 1265 1649 epp.
1299 1600 1567 1639 Corinthiaca
1600 1599 1646 1650 (ξ
1677 1600 1746 1651 35)

10 1650 49 1717 ’,Ῡῖ
112 1662 153 1699 et
182 1661 429 1701 Plataeense
459 1661 505 1713 (ξ
536 1661 620 1713 50).

163 1727 254 1766 Iam
295 1739 410 1766 nunc
446 1728 489 1766 in
529 1728 672 1778 aprico
709 1729 874 1779 estiis,
916 1729 989 1778 qui
1019 1730 1364 1768 reconstruendis
1397 1731 1641 1770 Dinomenis
1671 1732 1747 1770 fili-

109 1803 233 1831 orum
261 1793 450 1832 donariis
478 1805 651 1844 operam
681 1794 804 1844 dent,
848 1795 1008 1833 nullam
1039 1795 1243 1834 rationem
1273 1807 1368 1834 esse
1396 1796 1634 1835 habendam
1664 1798 1747 1846 epi-

8 1861 48 1908 ,ιζ
110 1859 360 1907 grammatis
401 1860 543 1897 textus
589 1858 632 1898 S.
679 1860 913 1898 Traditioni
956 1862 1096 1899 autem
1136 1861 1169 1899 A
1207 1873 1291 1899 non
1331 1862 1467 1911 magis
1505 1862 1583 1901 hac
1620 1863 1662 1900 in
1705 1874 1748 1900 re

110 1923 336 1972 quicquam
366 1935 461 1962 esse
487 1924 759 1964 tribuendam
788 1922 1154 1964 demonstrabitur
1183 1926 1225 1964 in
1255 1927 1326 1965 alt.
1360 1938 1400 1976 p.
1434 1927 1475 1965 h.
1509 1939 1658 1965 comm.

165 1986 191 2038 ,δ
222 1989 285 2028 77.
337 1987 405 2028 De
433 1987 721 2029 Aristodemi
750 1989 1028 2030 testimonio.
1082 1991 1250 2030 Scholia
1282 1991 1505 2030 Pindarica
1531 1994 1746 2041 praeterea

12 2043 46 2064 ³
109 2053 239 2092 unius
275 2054 594 2104 epigrammatis
631 2056 875 2104 ceteroquin
914 2056 1046 2106 ignoti
1076 2058 1359 2095 servaverunt
1388 2057 1646 2096 memoriam.
1696 2058 1746 2095 In

7 2117 38 2130 ‘⁴
109 2119 323 2168 prooemio
359 2120 486 2170 odae,
529 2132 639 2169 quae
677 2122 834 2170 scripta
872 2123 936 2160 est
973 2122 1016 2160 in
1052 2122 1256 2160 honorem
1289 2121 1468 2172 Sogenis
1498 2123 1746 2161 Thearionis

109 2183 206 2234 filii,
238 2184 485 2234 Aeginetae,
518 2197 542 2224 e
561 2187 685 2235 gente
706 2186 1049 2236 Euxenidarum,
1084 2187 1157 2235 qui
1178 2187 1332 2226 Nemea
1353 2187 1625 2236 quinquertio
1646 2200 1746 2238 pue-

110 2259 255 2287 rorum
286 2249 464 2300 vicerat,
502 2252 624 2299 poeta
654 2262 731 2289 cur
760 2251 974 2300 Ilithyiam
1004 2252 1242 2302 invocaret,
1276 2252 1399 2291 valde
1429 2255 1591 2291 veteres
1620 2253 1745 2291 inter-

109 2316 248 2363 pretes
287 2315 468 2354 vexavit.
516 2316 616 2354 Post
654 2316 796 2355 varias
832 2317 1131 2366 explicationes
1166 2319 1437 2356 enumeratas
1468 2318 1654 2356 scholion
1686 2319 1746 2357 sic

110 2379 246 2429 pergit
285 2379 343 2430 (p.
384 2380 462 2419 475
501 2379 654 2430 Bkh.):
689 2379 1080 2433 Ἀριστόδημος
1119 2381 1189 2432 (cf.
1224 2382 1352 2421 FHG.
1386 2383 1468 2421 III.
1501 2381 1596 2432 309)
1639 2381 1684 2421 δὲ
1722 2381 1745 2421 ὁ

103 2441 375 2497 Ἀριστάρχου
403 2443 600 2498 μαθητὴς
628 2444 788 2496 βέλτιον
816 2445 929 2485 οὕτω
958 2445 1085 2498 φησίν
1117 2447 1222 2498 (scil.
1253 2447 1295 2486 in
1326 2447 1434 2486 libro
1461 2446 1554 2498 περὶ
1587 2445 1743 2487 Πινδά-

109 2509 226 2560 ρου)·
264 2508 348 2562 ὀψέ
374 2524 474 2550 ποτε
502 2513 563 2562 τῷ
596 2508 805 2562 Θεαρίωνι
833 2510 904 2551 καὶ
932 2510 1047 2562 παριὶ
1078 2510 1151 2564 τὴν
1179 2510 1341 2564 ἡλικίαν
1369 2511 1598 2565 προήκοντι
1627 2511 1744 2558 εὖξα-

108 2573 227 2626 μένῳ
252 2577 299 2627 τῇ
323 2574 416 2627 θεῷ
439 2573 619 2628 Σωγέκη
645 2575 927 2629 τεκνωθῆναι,
957 2575 1027 2616 καὶ
1050 2575 1123 2629 τὴν
1143 2579 1215 2616 τοῦ
1235 2575 1387 2621 παιδὸς
1407 2577 1535 2617 αὐτοῦ
1557 2577 1745 2630 γέννησιν

109 2636 199 2679 οἷον
235 2637 470 2684 Εἰλειθυίας
504 2638 605 2680 εἶναι
634 2640 772 2694 χάριν·
803 2640 870 2681 διὰ
900 2641 973 2695 τὴν
1001 2641 1181 2695 ἰδιότητα
1213 2645 1315 2694 γοῦν
1343 2645 1414 2695 τῆς
1443 2642 1643 2694 γενέσεως
1672 2646 1744 2682 τοῦ

108 2701 295 2757 ἀθλητοῦ
326 2703 435 2756 πρὸς
461 2704 535 2758 τὴν
562 2705 666 2745 θεὸν
694 2705 845 2759 ταύτην
873 2706 1064 2760 ἐπήρεισε
1093 2706 1164 2747 τὸν
1191 2706 1333 2759 λόγον’
1370 2707 1653 2747 ἐπιστοῦτο
1691 2708 1744 2747 δὲ·

109 2771 264 2809 τοῦτο
305 2769 360 2816 ἐξ
400 2769 815 2823 ἐπιγράμματος
850 2770 1181 2824 Σιμωνίδου.
1232 2773 1521 2812 Schneidewin
1554 2774 1612 2823 (p.
1646 2773 1741 2822 216)

109 2835 149 2873 et
190 2835 330 2885 Bergk
376 2835 447 2886 (fr.
492 2836 584 2887 166)
631 2837 747 2876 nullo
788 2838 1091 2877 commentario
1129 2839 1384 2877 instructum
1425 2838 1627 2887 praebent
1666 2839 1743 2876 hoo

109 2899 394 2939 testimonium
424 2922 476 2929 —
504 2902 628 2941 ceteri
657 2903 831 2941 omnino
860 2903 900 2941 id
932 2903 1161 2953 neglegunt
1175 2903 1228 2952 ³²5)
1260 2925 1329 2952 —,
1365 2904 1443 2941 nisi
1462 2903 1574 2952 quod
1591 2903 1643 2940 de
1659 2903 1743 2941 fide

152 3046 198 3089 95)
245 3049 357 3081 Etiam
384 3049 579 3091 Hanvette,
612 3061 830 3093 quamquam
859 3063 886 3093 p.
912 3051 955 3083 29
979 3062 1054 3093 sqq.
1080 3052 1122 3083 «ln
1145 3052 1356 3083 testimoniis
1381 3052 1470 3092 apud
1498 3053 1744 3091 grmmnnticos

58 3130 61 3134 «
109 3105 254 3138 servatis
277 3105 470 3148 disputans.

1566 3162 1610 3196 9*
