2072 3568
890 215 937 259 31
1502 220 1527 273 g
1561 222 1630 273 19,
1663 221 1726 262 20.

94 344 224 395 unius
251 346 419 385 tantum
447 344 766 395 epigrammatis
798 343 885 395 (94)
917 345 1131 384 dedicator
1160 345 1343 384 traditus
1372 348 1454 394 est;
1492 359 1576 396 qua
1606 359 1656 386 ex
1687 360 1732 387 re

93 412 362 452 efficiendum
386 422 480 449 esse
504 411 689 449 vidimus
714 422 811 449 eum
836 412 876 449 et
900 411 1028 449 huius
1053 411 1371 461 epigrammatis
1395 424 1490 450 esse
1515 415 1729 452 auctorem

93 479 133 517 et
169 488 338 526 eorum,
381 487 490 524 quae
527 487 613 514 una
651 487 748 514 curn
786 476 867 513 illis
904 476 1260 526 Amphictyonum
1301 479 1451 527 rogatu
1491 479 1737 533 condidisse

93 553 190 582 eum
231 541 455 591 apparuit,
503 552 560 579 sc.
609 541 1014 590 Peloponnesiorum
1059 540 1146 590 (91)
1194 541 1593 591 Spartiatarumque
1639 543 1726 594 (92)

93 607 468 657 epigrammatum,
515 617 626 655 quae
668 608 846 644 aetatem
887 607 1100 655 tulerunt,
1148 607 1472 656 Thespiensium
1511 609 1729 648 Thebano-

94 683 295 722 rumque,
338 683 448 720 quae
485 671 716 721 perierunt.
767 671 811 728 Si
842 683 942 709 vero
975 671 1213 710 Simonides
1243 673 1477 721 praemium
1508 674 1588 711 sibi
1617 674 1729 714 obla-

93 739 183 776 tum
222 749 299 786 pro
336 736 555 786 Megistiae
592 736 896 785 epigrammate
933 748 1016 774 non
1058 738 1344 786 repudiasset,
1387 750 1440 776 ne
1475 751 1571 778 cum
1601 740 1729 778 huius

93 802 264 852 quidem
288 801 607 851 epigrammatis
629 802 855 840 traditione
877 814 1030 840 nomen
1053 803 1144 840 eius
1167 803 1437 842 coniunctum
1460 806 1571 843 esset
1593 816 1730 854 neque

94 868 180 907 ullo
217 867 343 906 modo
379 878 457 916 pro
496 868 609 905 certo
647 867 903 906 constituere
941 879 1164 916 possemus
1204 880 1341 917 neque
1379 870 1482 907 adeo
1521 871 1729 920 suspicari

92 944 189 972 eum
235 933 541 982 epigrammata
588 944 636 970 ea
684 933 949 982 condidisse,
1001 933 1159 982 quibus
1207 934 1534 983 Amphictyones
1581 947 1727 974 eorum

92 998 413 1037 celebraverunt
442 997 712 1047 memoriam,
747 999 820 1047 qui
840 999 884 1036 in
906 999 1201 1048 Thermopylis
1223 1011 1299 1048 pro
1320 1000 1455 1048 patria
1476 1001 1724 1040 ceciderant.

146 1063 254 1102 Cum
288 1065 427 1101 autem
459 1065 605 1112 postea
635 1063 853 1112 complura
883 1064 1189 1113 epigrammata
1223 1063 1452 1103 Simonidis
1482 1067 1729 1106 auctoritate

91 1130 242 1168 ornata
277 1129 503 1167 occurrant
532 1139 667 1176 eaque
695 1128 967 1177 plerumque,
1009 1140 1119 1177 quae
1148 1129 1262 1178 apud
1292 1131 1518 1179 scriptores
1548 1133 1728 1181 antiqui-

91 1205 187 1233 ores
225 1194 290 1232 vel
329 1193 443 1243 apud
481 1205 553 1232 eos
588 1193 815 1242 scriptores
845 1193 918 1242 qui
947 1194 1260 1242 antiquioribus
1290 1196 1356 1233 usi
1387 1198 1487 1234 sunt
1516 1208 1727 1247 anonyma

12 1296 19 1299 ,
91 1259 362 1311 praebentur,
397 1258 739 1297 constituendum
767 1261 830 1297 est
855 1259 1153 1297 concinnatum
1180 1271 1273 1298 esse
1296 1261 1524 1309 aliquando
1549 1262 1724 1312 librum,

91 1324 135 1363 in
177 1336 304 1374 quem
348 1324 478 1363 series
521 1324 877 1373 epigrammatum
921 1326 1086 1373 recepta
1124 1326 1256 1374 esset,
1303 1337 1412 1374 quae
1450 1339 1472 1364 a
1515 1327 1729 1367 Simonide

24 1380 27 1382 ’
91 1389 259 1428 condita
299 1401 394 1428 esse
429 1389 683 1427 crederetur.
731 1388 869 1433 Quam
912 1389 1110 1439 Syllogen
1150 1392 1330 1428 exeunte
1367 1393 1520 1439 quarto
1557 1393 1727 1431 demum

91 1454 258 1494 saeculo
294 1454 570 1503 compositam
608 1465 701 1492 esse
739 1456 883 1503 postea
919 1466 986 1492 me
1014 1454 1407 1493 demonstraturum
1437 1468 1530 1495 esse
1559 1458 1727 1497 confido

31 1511 33 1513 ’
94 1517 140 1570 (ἓ
169 1518 254 1570 37).
300 1519 351 1557 In
394 1531 479 1568 qua
522 1519 615 1557 licet
658 1519 866 1568 permulta
910 1520 1215 1569 epigrammata
1262 1532 1483 1569 perperam
1522 1522 1726 1562 Simonidi

26 1584 30 1624 i
91 1584 303 1623 vindicata
343 1585 477 1623 fuisse
518 1586 850 1623 consentaneum
894 1586 969 1633 sit,
1018 1585 1261 1634 negandum
1301 1598 1383 1624 non
1424 1590 1487 1625 est
1524 1588 1633 1626 inter
1680 1601 1727 1627 ea

14 1693 20 1698 A*
90 1649 396 1699 epigrammata
431 1649 612 1688 inveniri
641 1648 873 1700 potuisse,
916 1662 1025 1699 quae
1054 1650 1146 1688 iure
1174 1652 1320 1699 poetae
1348 1653 1530 1701 ascripta
1560 1657 1723 1703 essent,

90 1714 253 1753 etiamsi
307 1715 351 1752 in
407 1715 598 1753 fontibus
650 1715 893 1754 Collectoris
951 1716 1221 1754 traderentur
1277 1712 1506 1755 Simonidis
1559 1719 1728 1757 nomine

22 1780 30 1783 ⁴
91 1779 304 1819 destituta.
363 1780 425 1819 Ea
468 1781 580 1818 enim
622 1780 665 1818 in
709 1792 754 1819 re
795 1781 1004 1830 imprimis
1048 1793 1216 1819 errasse
1259 1782 1359 1820 mihi
1405 1783 1603 1821 videntur
1648 1784 1725 1822 viri

18 1832 41 1886 εξ,
91 1844 247 1883 summi
280 1844 426 1883 Kaibel
462 1846 502 1883 et
540 1845 835 1895 Wilamowitz,
878 1847 992 1894 quod
1021 1858 1069 1885 ea
1098 1846 1200 1885 sola
1228 1847 1279 1885 de
1308 1859 1436 1886 causa
1466 1849 1726 1898 epigramma

95 1908 298 1948 Simonidi
340 1910 573 1949 abiudicari
616 1922 742 1960 posse
783 1913 1065 1960 putaverunt,
1109 1912 1222 1960 quod
1261 1913 1303 1950 in
1344 1913 1460 1951 fonte
1498 1915 1727 1953 recentiore

17 1989 32 2036 g
92 1985 243 2017 nomen
272 1978 419 2025 poetae
446 1976 670 2026 adiciatur,
704 1977 923 2015 omittatur
953 1977 996 2015 in
1027 1977 1277 2025 antiquiore.

18 2091 27 2096 „
143 2040 294 2089 Itaque
321 2043 497 2090 apparet
525 2041 744 2080 historiam
775 2042 1013 2080 traditionis
1042 2042 1418 2092 epigrammatum,
1451 2055 1561 2092 quae
1593 2044 1726 2083 Simo-

12 2139 30 2158 ψ
93 2105 214 2144 nidea
255 2107 503 2145 auctoritate
546 2108 708 2146 munita
750 2108 1050 2157 inveniuntur,
1099 2119 1276 2157 prorsus
1319 2119 1412 2147 esse
1450 2109 1662 2148 diversam
1702 2122 1725 2149 a

91 2170 315 2210 traditione
351 2173 586 2210 ceterorum
626 2175 772 2221 poetae
807 2173 1057 2211 carminum.
1104 2173 1223 2218 Quae
1253 2185 1394 2211 rerum
1425 2175 1614 2214 condicio
1644 2177 1724 2214 iam

0 2226 53 2288 3³⁶:
93 2237 203 2275 recte
229 2237 527 2276 animadversa
556 2240 620 2276 est
649 2250 672 2276 a
704 2238 1018 2277 Wilamowitzio
1048 2239 1193 2288 Textg.
1228 2251 1267 2288 p.
1295 2239 1357 2277 37.
1392 2239 1442 2277 At
1474 2240 1588 2289 vide,
1623 2252 1724 2278 num

0 2283 35 2343 ’ἕρ
93 2300 158 2340 vir
193 2302 456 2341 clarissimus
494 2302 636 2340 minus
672 2304 783 2341 recto
813 2302 866 2341 sit
896 2314 1003 2341 usus
1032 2306 1304 2352 argumento:
1345 2316 1429 2342 non
1459 2316 1724 2343 communem

92 2366 248 2406 melicis
285 2367 545 2406 carminibus
583 2369 623 2406 et
661 2368 979 2417 epigrammatis
1015 2368 1147 2406 fuisse
1182 2369 1471 2418 traditionem,
1515 2370 1613 2418 quia
1642 2370 1726 2419 epi-

92 2434 327 2481 grammata
352 2435 521 2471 servata
546 2432 787 2471 Simonidea
814 2445 837 2471 a
863 2436 983 2482 poeta
1008 2433 1142 2472 aliena
1166 2436 1320 2472 essent.
1357 2434 1574 2473 Concessit
1597 2435 1726 2484 igitur

45 2530 55 2546 ,
93 2506 133 2535 V.
173 2497 222 2535 cl.
264 2497 356 2536 fieri
394 2509 541 2548 posse,
586 2501 632 2536 ut
660 2498 967 2548 epigrammata
997 2496 1256 2537 Simonidis
1284 2498 1471 2539 nomine
1499 2499 1726 2540 instructa

4 2551 54 2619 1⁴⁰¹:
92 2569 143 2599 ex
165 2560 394 2601 Simonidis
414 2565 549 2602 aetate
568 2563 722 2602 tradita
744 2564 828 2602 sint
851 2563 921 2612 (cf.
945 2563 1036 2602 eius
1058 2563 1187 2602 verba
1209 2564 1250 2601 in
1271 2576 1370 2602 ann.
1398 2577 1487 2604 mea
1507 2565 1554 2603 16
1570 2566 1721 2615 laud.).

93 2623 144 2664 At
180 2626 365 2666 vidimus
403 2628 671 2667 traditionem
701 2628 832 2667 literis
861 2628 1153 2678 consignatam
1183 2630 1234 2667 de
1266 2629 1517 2668 Simonidea‘
1535 2631 1725 2669 cuiusvis

93 2689 407 2740 ougrammatis
436 2693 685 2742 auctoritate
713 2693 886 2732 omnino
916 2705 1000 2732 non
1030 2694 1236 2741 extitisse;
1268 2696 1395 2743 atque
1415 2706 1463 2733 ea
1485 2698 1548 2733 est
1570 2707 1719 2745 causa,

93 2764 169 2794 cur
205 2758 488 2797 secernendae
525 2761 626 2797 sunt
664 2759 908 2798 melicorum
945 2759 1182 2797 carminum
1211 2759 1458 2798 traditiones
1487 2763 1614 2808 atque
1641 2762 1723 2809 epi-

93 2823 389 2869 grammatum.

146 2884 208 2925 Eo
234 2889 437 2938 temporis
466 2888 596 2939 igitur
626 2891 838 2928 momento
868 2889 1106 2928 traditionis
1137 2890 1311 2928 historia
1340 2901 1486 2928 eorum
1516 2890 1723 2940 epigram·

0 3002 1 3008 1
37 2993 38 2996 ¹
96 2952 272 3002 matum,
297 2964 407 3003 quae
424 2954 594 3005 Sylloge
612 2954 853 2993 Simoniden
875 2955 1241 3004 complectebatur,
1268 2955 1459 2993 bifariam
1481 2958 1543 2993 est
1564 2955 1719 3004 divisa,

0 3006 73 3070 fij*
94 3024 178 3064 quo
211 3016 303 3066 ipsa
335 3017 504 3069 Sylloge
532 3022 595 3058 est
624 3019 843 3058 adornata,
891 3020 941 3058 In
972 3020 1049 3058 hac
1078 3020 1428 3058 commentatione
1456 3020 1721 3058 traditionem

95 3078 427 3134 antiquiorem,
460 3095 570 3133 quae
597 3084 767 3123 extabat
793 3085 901 3123 ante
926 3084 1124 3134 Syllogen
1150 3085 1380 3123 confectam
1407 3088 1723 3134 propagataquc
