2072 3568
884 215 958 254 121
1507 215 1532 268 g
1565 216 1636 266 73,
1672 217 1733 255 74.

102 339 147 378 in
176 339 284 378 serie
312 339 535 378 Laertiana
555 337 632 389 78),
672 351 787 378 nunc
815 351 879 390 ep.
914 351 966 378 ex
995 341 1228 390 Meleagrea
1259 341 1425 380 Corona
1455 343 1737 391 propagatum

102 416 196 444 esse
224 404 490 443 demonstrat
518 404 638 443 locus
667 404 710 442 in
741 405 981 455 fragmento
1010 406 1244 456 Meleagreo
1264 405 1332 456 79).

157 469 264 509 Cum
301 470 442 508 autem
482 469 689 519 Cephalas
729 481 814 508 non
852 470 995 509 omnia
1033 482 1127 520 epp.
1169 483 1194 509 a
1223 472 1409 521 Diogene
1436 473 1607 511 laudata
1638 473 1738 511 reci-

102 535 255 586 pienda
284 537 472 574 censeret
500 537 540 574 et
570 547 895 584 nonnumquam
923 536 1069 575 eadem
1087 549 1181 586 epp.
1206 549 1257 575 ex
1277 538 1487 588 Meleagro
1507 538 1734 587 omitteret,

102 601 261 639 factum
289 602 374 650 est,
407 603 454 639 ut
483 601 597 650 apud
629 601 856 650 Diogenem
886 613 938 640 ex
968 602 1135 641 Corona
1165 604 1334 641 servata
1364 603 1620 641 haberemus
1639 614 1733 652 epp.

103 665 333 716 quaedam,
375 677 485 715 quae
522 666 565 704 in
603 666 855 716 fragmentis
893 667 1142 716 Meleagreis
1173 667 1428 717 Cephalanis
1458 668 1625 706 desunt.
1674 668 1738 706 Ex

102 731 170 770 his
197 731 515 781 epigrammatis
544 743 679 769 unum
708 733 772 770 est
799 722 1094 770 'Simonideum
1125 732 1214 771 157.

158 795 184 848 §
216 797 278 836 74.
339 796 407 836 De
430 795 824 847 epiyrammatum
849 795 1199 836 Platonicorum
1223 796 1339 837 serie
1363 796 1628 837 Lam-tiana.
1685 799 1739 837 Ut

103 862 366 912 accuratius,
409 874 519 911 quae
557 862 610 900 sit
648 862 758 900 inter
791 874 886 912 epp.
920 862 1144 901 Laertiana
1173 875 1222 902 ac
1252 863 1494 913 Cephalana
1525 863 1734 912 condicio,

102 938 331 977 exponam,
355 927 546 966 tractabo
565 939 658 966 eam
679 927 830 966 seriem
851 928 1228 978 epigrammatum,
1254 940 1363 977 quae
1378 929 1492 978 apud
1510 929 1738 978 Diogenem

0 991 35 1052 ,ζ
102 993 166 1031 est
206 993 410 1041 maxima;
453 1004 564 1042 quae
601 994 817 1042 praeterea
857 993 900 1031 in
941 991 966 1044 ἓ
1007 1004 1095 1042 seq.
1139 994 1262 1032 nobis
1289 994 1343 1032 'in
1382 994 1738 1043 comparationem

103 1057 293 1096 vocanda
330 1057 422 1096 erit.
468 1058 571 1096 Volo
609 1057 760 1096 seriem
799 1058 1154 1108 epigrammatum
1193 1059 1507 1098 Platonicorum
1543 1060 1623 1097 III.
1657 1059 1736 1098 29:

13 1098 29 1118 {s

9 1118 22 1142 ⁴
97 1119 438 1173 Ἀρίστιππος
490 1120 528 1162 δ’
573 1121 626 1162 ἓν
676 1125 743 1174 τῷ
795 1121 830 1162 δ’
872 1121 994 1174 περὶ
1041 1121 1275 1167 παλαιᾶς
1323 1127 1528 1175 τρυφῆς
1575 1138 1739 1175 φησιν

12 1198 31 1218 ²-
102 1184 264 1226 αὐτὸν
302 1186 379 1238 (sc.
422 1186 658 1238 Platonem)
695 1186 939 1239 Ἀστέρος
975 1188 1267 1240 μειρακίου
1306 1187 1449 1233 τινὸς
1487 1187 1737 1239 ἀστρολο-

103 1254 213 1303 γεῖν
258 1252 714 1304 συνασκουμένου
761 1253 1084 1306 ἐρασθῆναι,
1142 1252 1156 1306 ΙΙ
1203 1253 1305 1294 ἀλλὰ
1348 1253 1420 1294 καὶ
1462 1252 1624 1298 Δίωνος
1666 1257 1738 1293 τοῦ

101 1316 424 1369 προειρημένου.
485 1317 583 1358 ἔνιοι
631 1318 677 1358 δὲ
723 1317 794 1358 καὶ
841 1317 1031 1370 Φαίδρου
1070 1318 1194 1371 φασί·
1242 1318 1257 1370 ΙΙ
1305 1318 1505 1372 δηλοῦν
1552 1318 1605 1359 δὲ
1651 1318 1739 1358 τὸν

103 1380 275 1434 ἔρωτα
313 1382 478 1423 αὐτοῦ
516 1383 639 1424 τάδε
676 1383 733 1424 τὰ
771 1383 1155 1436 ἐπιγράμματα
1202 1383 1248 1436 ΙΙ)
1291 1384 1317 1423 ἃ
1356 1383 1426 1424 καὶ
1463 1382 1572 1435 πρὸς
1609 1383 1738 1423 αὐτοῦ

29 1459 32 1462 ’
103 1447 296 1499 γενέσθαι
324 1448 381 1494 εἰς
407 1448 562 1494 αὐτούς
594 1449 610 1501 ΙΙ
635 1461 644 1470 ·

11 1559 23 1568 ,¹
157 1511 257 1564 (AP.
286 1515 380 1553 VII.
414 1514 510 1565 669)
541 1513 772 1567 ἀστέρας
800 1514 1079 1567 εἰσαθρεῖς
1107 1514 1179 1555 κτλ
1183 1545 1316 1554 .....
1351 1527 1392 1555 a.
1416 1515 1470 1565 80)

34 1599 35 1602 ¹
102 1577 191 1619 καὶ
226 1578 376 1620 ἄλλο·

11 1677 35 1702 3„
157 1643 258 1696 (AP.
287 1646 382 1685 VII.
416 1645 512 1697 670)
543 1645 710 1699 ἀστὴρ
737 1645 862 1698 πρὶν
888 1645 984 1698 μὲν
1012 1645 1096 1686 κτλ.
1125 1676 1320 1686 .......
1355 1646 1393 1686 b.

10 1761 21 1771 ἲ
101 1706 115 1755 ΙΙ
147 1709 173 1761 §
203 1711 268 1750 30.
302 1710 359 1756 εἰς
388 1709 434 1751 δὲ
461 1709 532 1752 τὸν
561 1710 702 1752 Δίωνα
735 1709 844 1752 ὦδε·

158 1774 258 1826 (ΑΡ.
287 1777 381 1816 VII.
414 1776 484 1828 99)
516 1775 683 1828 δάκρυα
711 1775 790 1828 μὲν
813 1775 974 1829 Ἑκάβῃ
1003 1775 1088 1816 κτλ.
1116 1807 1123 1815 .
1151 1807 1160 1816 .
1187 1807 1195 1815 .
1217 1807 1225 1816 .
1248 1807 1256 1815 .
1279 1807 1287 1815 .
1310 1807 1317 1815 .
1361 1788 1395 1816 c.

102 1841 223 1880 τοῦτο
251 1839 322 1881 καὶ
349 1840 658 1895 ἐπιγεγράφθαι
687 1840 815 1894 φασὶν
844 1841 888 1882 ἒν
915 1841 1217 1893 Συρακούσαις
1245 1840 1310 1882 ἐπὶ
1339 1846 1399 1894 τῷ
1427 1841 1563 1893 τάφῳ.
1614 1840 1639 1892 ξ
1670 1841 1733 1879 31.

10 1902 42 1942 ἶ>
103 1902 205 1945 ἀλλὰ
242 1904 329 1958 μὴν
362 1906 434 1947 καὶ
462 1906 690 1954 Ἀλέξιδος,
729 1907 874 1960 φασίν,
913 1896 1108 1959 ἐρασθεὶς
1135 1906 1206 1947 καὶ
1236 1906 1447 1958 Φαίδρου,
1485 1905 1603 1946 καθ-ὰ
1631 1920 1736 1957 προ-

10 1972 34 2014 a?
101 1969 276 2023 είρηται,
311 1974 457 2012 τοῦτον
486 1972 654 2026 ἐποίησε
682 1971 753 2013 τὸν
781 1971 954 2024 τρόπον·

35 2085 38 2090 .
158 2034 258 2086 (AP.
286 2038 380 2077 VII.
416 2039 510 2090 100)
541 2041 616 2079 νῦν
645 2037 712 2079 ὅτε
739 2037 877 2090 μηδὲν
904 2037 978 2078 κτλ
982 2067 1314 2077 ...........
1350 2036 1394 2077 d.
1418 2037 1434 2088 ΙΙ

102 2098 244 2152 ἔχειν
276 2116 326 2142 τε
354 2101 772 2156 Ἀρχεάνασσαν,
809 2104 883 2149 εἰς
917 2105 979 2157 ἢν
1013 2103 1103 2143 καὶ
1131 2103 1295 2156 αὐτὴν
1324 2103 1462 2143 οὕτω
1491 2106 1736 2155 ποιῆσαι·

10 2202 26 2233 ἰ,
157 2164 258 2216 (ΑΡ.
287 2167 380 2207 VII.
413 2168 509 2220 217)
534 2167 933 2221 Ἀρχεάνασσαν
961 2169 1065 2222 ἔχω
1094 2168 1165 2209 κτλ
1170 2199 1318 2208 .....
1360 2180 1393 2208 e.
1420 2190 1472 2196 --

3 2235 45 2282 s.
105 2227 132 2281 ἕ
161 2230 226 2270 32.
259 2230 362 2272 ἀλλὰ
391 2232 462 2273 καὶ
491 2233 547 2278 εἰς
569 2232 815 2285 Ἀγάθωνα·

8 2284 46 2327 ,¹¹
158 2294 258 2347 (AP.
285 2298 333 2337 V.
368 2297 436 2349 77)
467 2297 540 2351 τὴν
567 2298 713 2351 ψυχὴν
741 2297 813 2339 κτλ
817 2329 1314 2339 ................
1361 2300 1390 2339 f.

102 2358 174 2400 καὶ
201 2360 318 2402 ἄλλο·

8 2422 41 2462 ξ’
157 2426 258 2478 (AP.
290 2429 337 2468 V.
373 2428 440 2479 78)
471 2432 532 2481 τῷ
559 2427 685 2482 μήλῳ
713 2428 857 2481 βάλλω
887 2445 932 2470 σε
960 2429 1032 2470 κτλ
1036 2460 1317 2470 ..........
1350 2442 1393 2481 9.

145 2578 193 2619 78)
238 2582 353 2616 Series
383 2583 538 2616 maxima
569 2584 754 2617 Laertiana
788 2589 842 2618 est
874 2586 939 2617 ΑΙ).
964 2585 1038 2618 Vll.
1068 2584 1129 2627 80,
1152 2584 1325 2625 83—130,
1350 2584 1432 2625 133,
1469 2585 1620 2616 minores
1654 2588 1738 2615 snut

9 2656 13 2663 ι
42 2638 45 2639 ’
105 2635 142 2670 V.
173 2636 322 2681 78—80;
356 2639 425 2672 Vll.
458 2639 512 2682 57,
541 2639 692 2682 60—623
728 2641 796 2674 Vll.
829 2641 1024 2683 615-6203
1060 2641 1114 2674 lX.
1139 2641 1222 2683 540,
1254 2641 1338 2683 569,
1370 2641 1453 2693 595*
1477 2652 1527 2683 sq.
1556 2641 1739 2673 Praeterea

102 2692 170 2727 vid.
191 2693 340 2729 weissh.
366 2705 397 2737 p.
420 2695 476 2729 37.

146 2747 193 2791 79)
239 2750 275 2784 Si
306 2752 387 2794 quis
416 2753 617 2786 examinare
649 2753 764 2796 cupit,
799 2752 850 2786 ‘ad
884 2764 973 2796 quos
1007 2754 1171 2796 Diogenis
1201 2755 1336 2786 codices
1371 2754 1550 2785 Palatinus
1583 2753 1736 2794 proxime

19 2815 42 2834 ϊ-
102 2807 254 2840 amedat’
287 2825 330 2831 ——
364 2819 472 2851 quam
507 2810 542 2842 in
578 2810 822 2852 quaestionem
859 2810 1046 2852 iliclsium‚
1083 2811 1194 2843 vii-um
1227 2811 1480 2851 clarissimum,
1518 2810 1737 2851 inquisivisse

46 2868 51 2873 '
104 2867 225 2896 monet
254 2865 487 2898 Stadtmuller
518 2866 548 2898 11
582 2876 612 2908 p.
638 2866 711 2899 le
743 2883 786 2888 —
817 2876 940 2899 eorum
973 2867 1268 2908 epigrammatum
1302 2866 1531 2907 Antliologiue
1560 2866 1736 2897 Palatinae

104 2920 211 2961 atque
250 2919 394 2963 Diogeni
428 2923 670 2955 communium
708 2926 826 2955 textus
861 2925 960 2955 extra
994 2922 1276 2964 disquisitionem
1314 2922 1464 2954 habendi
1501 2925 1605 2962 snut,
1646 2931 1736 2963 quim

27 2970 58 3024 3.
106 2974 207 3008 unice
229 2985 269 3009 ex
294 2975 431 3010 Corona
452 2978 488 3010 in
513 2977 761 3020 Anthologiam
788 2982 1031 3011 manaverunt.

147 3028 194 3072 8ὓ)
239 3031 381 3065 Litteris
415 3034 570 3066 notanda
600 3038 702 3067 erant
731 3035 1004 3076 epigraminata,
1040 3034 1123 3076 quia
1157 3038 1294 3075 praeter
1324 3044 1342 3065 c
1375 3044 1412 3061 =
1449 3034 1500 3066 l'r.
1532 3033 1614 3073 235,
1652 3035 1662 3065 i
1696 3043 1734 3061 =

105 3084 159 3119 Pr.
182 3086 246 3120 267
270 3088 400 3122 desunt
422 3090 514 3131 apud
541 3090 743 3133 Pregerum.
