2072 3568
400 212 502 264 Cap.
537 210 626 263 111,
664 210 724 253 19.
1172 208 1246 251 142

459 337 563 378 Tria
586 350 681 389 epp.
713 338 847 388 prima
874 337 1075 387 leguntur
1100 337 1141 376 in
1170 336 1333 387 sylloge
1355 336 1712 387 epigrammatum
1736 333 1788 378 34
1811 335 2041 380 maximam

400 408 560 455 partem
590 415 640 443 ex
672 403 839 442 Anthol.
874 402 1151 442 I’ianudea
1181 405 1501 452 excerptorum,
1533 413 1646 453 quae
1670 402 1715 443 in
1743 402 1903 445 codicis
1920 403 2039 445 Pala·

397 470 473 509 tini
515 469 626 508 foliis
668 471 872 518 quattuor
915 468 1092 518 primis,
1139 479 1213 507 sex
1257 467 1425 518 paginis
1470 467 1542 517 (ct.
1591 467 1772 508 Stadtm.
1814 468 1835 509 1
1877 480 1920 521 p.
1950 468 2038 520 vl,

396 535 556 575 Jacobs
593 534 675 573 ΑΡ.
705 534 786 573 voi.
821 534 886 573 111
927 545 966 584 p.
1000 534 1043 583 5)
1083 545 1107 572 a
1137 533 1277 573 scriba
1306 533 1456 572 ceteris
1484 533 1678 584 qulnque
1702 533 1861 575 codicis
1886 533 2042 575 scribis

400 601 629 639 recentiore
651 602 824 639 exarata
849 602 926 638 est.
963 599 1198 638 Praeeunte
1221 598 1526 638 Stadtmmlero
1549 598 1661 639 hanc
1682 598 1874 651 syuogen
1895 599 2041 640 notavi

398 667 521 716 signo
551 663 615 704 Σπ
641 665 712 715 (cf.
748 664 774 715 ἓ
805 664 892 714 95).

452 732 516 771 Ex
547 731 720 781 reliquis
748 730 1068 781 epigrammatis
1092 728 1396 781 aeptuayinta
1419 729 1461 769 in
1486 729 1631 769 codice
1654 729 1848 771 Palatino
1869 730 2041 783 neptem

400 797 484 847 (vel
525 807 708 846 novem,
755 796 790 835 si
833 807 928 846 epp.
962 795 1032 835 VI.
1078 795 1153 834 145
1191 798 1231 834 et
1270 795 1342 834 IX.
1387 794 1464 834 758
1501 794 1845 847 comprehendis)
1884 806 2040 837 nomen

401 862 632 902 Simonidis
661 861 870 915 adiectum
902 872 985 901 non
1017 861 1188 901 habent.
1249 861 1347 900 Tria
1376 872 1472 911 epp.
1501 860 1595 900 VII.
1628 860 1728 911 257,
1758 860 1858 912 347,
1889 859 1968 902 677
1995 861 2040 902 iu

399 927 595 977 Meleagri
634 929 708 966 aut
746 926 956 976 Cephalae
993 926 1185 965 fontibus
1222 938 1272 965 eo
1310 925 1482 965 nomine
1517 928 1668 965 ornata
1706 925 1842 966 tuis-0
1873 927 2043 966 constat

400 994 470 1043 (cf.
516 991 541 1043 ἓ
581 991 666 1042 82).
719 992 797 1042 Ep.
831 992 925 1031 VII.
966 991 1045 1031 347
1085 991 1155 1042 (=
1193 991 1512 1031 Corinthiacum
1550 1002 1616 1042 ep.
1649 990 1724 1042 98,
1765 990 1809 1032 in
1837 991 1957 1032 textu
1986 989 2040 1042 S)

397 1061 496 1098 ante
535 1057 885 1097 Stadtmiillerum
924 1057 1049 1096 etiam
1089 1058 1131 1096 in
1170 1057 1254 1096 ΑΡ.
1288 1057 1443 1096 instrui
1473 1056 1779 1107 perhibebatur
1806 1054 2041 1097 Simonidis

399 1124 589 1173 nomine,
630 1122 746 1172 quod
785 1123 826 1161 in
858 1122 955 1162 Cor.
989 1122 1083 1161 Mel.
1118 1122 1380 1161 Favorinum
1410 1122 1626 1161 invenisse
1654 1121 1842 1162 vidimus
1870 1119 1921 1174 (Β
1948 1120 2037 1173 53).

398 1190 470 1228 Vir
507 1189 556 1228 cl.
595 1190 737 1228 autem
775 1188 1075 1227 animadvertit
1113 1187 1307 1237 titulum,
1349 1187 1423 1237 qui
1453 1187 1566 1238 poet
1591 1187 1855 1238 epigramma
1883 1185 2039 1238 partim

397 1256 457 1294 cis
500 1254 734 1305 marginem
779 1254 933 1304 partim
977 1254 1020 1292 in
1065 1253 1259 1304 margine
1300 1253 1466 1304 positus
1507 1252 1584 1302 sit,
1631 1252 1844 1303 pertinere
1877 1251 1934 1293 ad
1969 1262 2036 1304 ep.

398 1332 582 1370 sequens
614 1319 726 1371 (VII.
747 1319 868 1370 348),
900 1319 1070 1358 titulum
1103 1330 1226 1368 vero,
1259 1319 1333 1368 qui
1363 1330 1518 1358 rursus
1547 1320 1643 1369 post
1670 1318 1751 1358 hoc
1776 1317 2041 1370 epigramma

397 1388 457 1426 cis
487 1387 723 1437 marginem
752 1386 940 1436 legatur,
975 1385 1185 1435 respicere
1211 1396 1277 1435 ep.
1297 1385 1392 1424 VII.
1425 1384 1523 1433 349;
1554 1396 1642 1435 quo
1669 1384 1853 1435 factum,
1884 1385 1934 1424 ut
1959 1382 2042 1424 hoc

397 1465 461 1503 ep.
504 1452 618 1502 apud
662 1451 895 1502 Bergkium
938 1451 1048 1490 inter
1092 1450 1335 1490 Simonidea
1375 1450 1567 1490 nondum
1604 1451 1730 1490 extet.
1776 1449 1862 1490 Nec
1896 1450 2040 1490 tumen

399 1519 641 1569 negaverim
685 1518 727 1556 in
772 1516 940 1555 Anthol.
984 1516 1114 1566 Ceph.
1160 1515 1428 1556 Simonideos
1469 1515 1616 1555 titulos
1657 1515 1713 1556 ad
1753 1515 1898 1566 priora
1938 1525 2036 1566 epp.

400 1585 512 1634 (VII.
560 1584 638 1622 347
677 1582 765 1633 sq.)
811 1582 1081 1632 pertinuisse.
1129 1581 1296 1620 Etenim
1340 1593 1497 1632 magna
1539 1581 1583 1621 in
1625 1581 1707 1621 hae
1746 1579 1915 1621 codicis-
1945 1579 2036 1621 1²21.

399 1650 554 1700 pagina
586 1648 701 1699 (257)
732 1651 796 1687 est
825 1648 1045 1687 titulorum
1074 1647 1291 1696 confusio,
1324 1647 1376 1686 cl'.
1412 1645 1439 1698 ἓ
1469 1646 1534 1687 92.

452 1716 593 1755 Unum
613 1726 679 1764 ep.
694 1714 765 1753 VI.
784 1713 862 1753 343
882 1725 907 1752 a
930 1713 1032 1752 viris
1052 1712 1187 1751 doctis
1207 1711 1464 1751 Simonideis
1482 1711 1772 1752 adiudicatum
1790 1713 1876 1763 est,
1901 1721 2039 1752 unum

399 1781 470 1819 IX.
511 1781 584 1819 147
622 1780 737 1830 apud
774 1779 1009 1818 Planudem
1037 1778 1209 1817 demum
1242 1777 1486 1817 Simonidea
1514 1777 1766 1818 auctoritate
1791 1776 2035 1819 instruitur.

452 1847 529 1896 Ep.
571 1846 644 1884 IX.
689 1845 764 1884 757
807 1844 1007 1884 ‘auctoris
1048 1843 1187 1883 indice
1227 1845 1364 1893 caret,
1409 1843 1563 1883 lemma
1600 1843 1816 1894 inceptum
1852 1841 1916 1883 εἰσ
1951 1853 2038 1883 non

397 1911 660 1950 continuavit
706 1909 754 1949 B'
797 1908 1138 1961 (Stadtmiiller),
1181 1908 1350 1959 respicit
1390 1920 1491 1947 vero
1528 1908 1583 1948 ad
1620 1908 1791 1948 titulum
1827 1907 2038 1949 omissum

398 1977 614 2026 sequentis
643 1974 963 2026 epigrammatis
992 1975 1065 2014 IX.
1095 1974 1172 2014 758
1199 1974 1351 2013 titulus
1381 1976 1453 2013 τοῦ
1481 1972 1625 2013 αὐτοῦ.
1668 1974 1777 2014 Cum
1806 1975 2040 2025 utrumque

396 2043 658 2092 epigramma
681 2042 810 2091 idque
834 2041 876 2079 in
902 2040 1114 2090 capitibus
1132 2039 1337 2089 diversis,
1366 2039 1469 2078 iilud
1492 2039 1580 2078 1v·.
1600 2039 1626 2078 6
1646 2037 1723 2089 (εἰς
1740 2036 2035 2092 ζωγράφους),

397 2109 443 2157 6,
486 2108 564 2146 hoc
602 2108 691 2146 IV²¹.
723 2106 775 2145 23
815 2105 891 2157 (εἰς
928 2105 1116 2155 οἴκους),
1161 2105 1210 2144 16
1238 2117 1262 2144 a
1293 2105 1485 2144 Planude
1515 2104 1724 2144 Simonidi
1750 2103 2035 2155 attribuatur,

396 2173 565 2211 titulum
609 2173 651 2211 in
694 2172 776 2210 ΑΡ.
817 2172 1025 2210 omissum
1068 2173 1230 2210 certum
1276 2170 1445 2210 videtur
1481 2171 1525 2209 in
1563 2170 1691 2210 Anth.
1732 2169 1864 2221 Ceph.
1904 2169 2040 2210 fuine

398 2236 656 2288 ὲίμωνίὸσυ.
690 2237 784 2283 Qua
809 2237 862 2276 de
884 2248 1014 2276 causa
1040 2236 1119 2275 hoc
1142 2248 1208 2286 ep.
1237 2236 1400 2275 munivi
1425 2236 1563 2286 signis
1583 2235 1663 2275 sibi
1685 2234 1912 2275 contrariis
1927 2232 2034 2287 (Ἣ),

398 2315 581 2352 sequens
608 2315 673 2352 ep.
707 2303 910 2341 asterisco
942 2301 1013 2352 (‘).

453 2368 479 2418 ξ
508 2369 573 2407 85.
638 2366 703 2406 De
730 2366 826 2407 fide
852 2366 1111 2406 scribarum
1143 2365 1403 2406 titulorum.
1451 2366 1502 2405 In
1530 2366 1803 2416 quaestione,
1833 2375 1948 2416 quae
1971 2367 2039 2405 est

397 2434 450 2471 de
486 2433 570 2471 fide
597 2444 767 2482 eorum,
810 2433 883 2482 qui
913 2433 955 2471 in
986 2432 1077 2471 cod.
1112 2431 1200 2471 Pal.
1230 2432 1552 2482 epigrammatis
1580 2430 1726 2471 titulos
1753 2429 2033 2482 addiderunt,

398 2498 618 2537 tractanda
661 2498 739 2536 hoc
780 2498 1011 2536 tenendum
1048 2499 1112 2536 est
1150 2497 1274 2536 nobis
1313 2508 1428 2536 nunc
1463 2497 1635 2546 quaeri,
1682 2507 1786 2535 num
1821 2495 2036 2547 integrum

398 2563 617 2601 tradiderit
641 2563 779 2602 scriba
804 2563 1123 2613 epigrammatis
1148 2565 1386 2611 auctorem,
1414 2573 1541 2612 quem
1561 2561 1780 2612 exemplar
1797 2560 2037 2600 subiectum

397 2628 624 2667 exhiberet.
670 2628 764 2673 Qua
800 2640 895 2666 cum
931 2628 1181 2677 quaestione
1210 2640 1295 2667 non
1325 2627 1624 2667 confundenda
1652 2627 1719 2666 est
1745 2647 1796 2655 —-
1823 2625 1940 2677 quod
1969 2624 2038 2665 hie

399 2692 480 2730 iilic
510 2693 600 2730 fieri
632 2693 750 2731 vides
782 2716 827 2720 —
859 2694 1013 2742 altera,
1045 2705 1157 2743 quae
1183 2696 1247 2732 est
1275 2693 1328 2732 de
1356 2693 1442 2732 fide
1468 2692 1577 2731 tituli
1606 2691 1757 2742 ipsius.

455 2758 701 2796 Scribarum
732 2759 861 2809 fides,
899 2760 1070 2809 opinor,
1111 2770 1347 2808 numquam
1375 2759 1418 2797 in
1447 2757 1626 2796 dubium
1658 2759 1806 2797 vocata
1831 2757 1968 2807 esset,
1998 2755 2036 2796 si

397 2823 506 2861 tituli
545 2835 712 2872 semper
747 2824 784 2862 ei
821 2824 1080 2862 deberentur
1119 2825 1291 2873 manui,
1337 2835 1448 2873 quae
1484 2823 1655 2873 scripsit
1692 2824 1854 2862 textum
1891 2821 2036 2876 ipsum

400 2887 474 2936 (A,
518 2888 566 2937 J,
615 2888 672 2937 Β,
718 2888 770 2927 cf.
816 2889 995 2927 Stadtm.
1040 2889 1057 2927 1
1102 2901 1143 2939 p.
1183 2888 1274 2939 VI).
1328 2889 1518 2928 Fuerunt
1563 2888 1640 2926 viri
1681 2887 1792 2927 docti
1821 2886 1916 2939 1(15),
1960 2883 2036 2937 ciui

444 3035 505 3075 ise»)
553 3037 622 3077 [ζμ.
655 3037 713 3070 ·G.
748 3038 881 3070 rinsler
913 3039 947 3070 in
982 3038 1069 3070 libro
1092 3037 1279 3071 ‘Kritische
1306 3038 1628 3079 Untessurhnngen
1654 3047 1718 3069 zur
1739 3035 1951 3069 Gaechichte
1971 3035 2038 3069 der

398 3102 448 3134 gr.
480 3093 598 3126 Amin*
629 3092 725 3132 (diss.
759 3094 884 3126 Ziirich
908 3093 1020 3133 1876).
1058 3095 1201 3127 Librum
1226 3095 1299 3137 ipse
1322 3095 1506 3138 acquirere
1530 3104 1599 3127 non
1624 3094 1742 3137 potui,
1771 3093 1833 3126 sed
1856 3093 1921 3126 viri
1942 3092 2038 3126 docti
