2072 3568
893 221 943 260 29
1503 223 1529 275 ἓ
1564 224 1632 274 18,
1669 225 1729 264 19.

96 346 348 387 testificatus
384 346 518 395 esset,
560 356 615 384 an
653 344 886 385 benevolus
925 347 1087 386 amicus
1121 347 1186 385 vel
1215 348 1406 387 mercede
1434 349 1608 398 quidam
1637 361 1733 388 con-

97 413 252 452 ductus
280 422 452 462 operam
481 410 518 449 ei
548 410 850 461 praestitisset,
892 423 1039 450 earum
1070 423 1209 451 rerum
1241 413 1433 451 homines
1463 426 1546 452 non
1578 415 1733 453 curiosi

96 478 231 516 erant.
290 477 396 516 Eius
450 475 670 525 inscriptio
725 475 807 514 dici
863 476 1051 527 solebat,
1110 477 1184 526 qui
1240 477 1521 518 dedicaverat.
1584 480 1734 529 Itaque

99 541 401 581 Simonidis
442 541 785 590 temporibus
826 541 1144 592 inscriptio,
1188 543 1342 581 nedum
1381 543 1518 582 dicam
1556 544 1733 595 inscrip-

95 607 252 646 tionem
295 607 533 656 metricam,
580 618 691 655 quae
731 607 956 656 praecipue
994 610 1138 656 postea
1176 606 1418 659 ἐπίγραμμα
1459 612 1605 649 vocata
1643 614 1728 661 est,

97 672 329 711 nondum
373 683 487 711 cum
530 671 906 726 auctorisnvel
949 674 1140 722 poetae
1182 673 1396 711 nomine
1437 677 1732 715 coniuncta

95 737 432 776 laudabatur
458 735 528 786 46).

149 802 292 841 Talem
334 802 468 841 fuisse
509 802 734 851 antiquum
776 802 1096 853 epigrammatis
1140 805 1299 842 statum
1337 805 1616 844 confirmatur
1654 807 1727 856 iis,

96 879 206 917 quae
246 868 299 906 de
340 867 421 907 alia
462 867 652 906 eiusdem
690 868 779 906 fere
815 868 965 907 aetatis
1004 868 1265 907 dedicatione
1301 870 1469 920 cognita
1508 871 1727 911 habemuS.

94 933 324 972 Aeschines
360 933 472 972 enim
512 933 623 972 Ctes.
666 932 763 982 183,
805 935 852 971 ut
891 933 1202 973 demonstraret
1240 946 1367 983 quam
1408 936 1595 975 modeste
1632 949 1733 986 prae

27 1032 35 1037 ι,
94 997 262 1037 illorum
305 1000 542 1048 temporum
582 998 898 1048 magnificentia
937 1000 1065 1047 atque
1101 999 1351 1038 liberalitate
1387 1000 1500 1039 cives
1538 1001 1645 1040 bene
1681 1003 1734 1040 de

95 1062 231 1113 patria
252 1063 423 1101 meritos
444 1063 708 1101 remunerari
729 1063 839 1101 soliti
860 1065 1003 1102 essent
1024 1057 1227 1113 maiores,
1260 1065 1464 1114 populum
1486 1066 1727 1116 admonuit,

94 1127 197 1177 quid
225 1127 385 1166 donum
415 1128 656 1178 petentibus
685 1129 1036 1179 imperatoribus,
1071 1129 1144 1178 qui
1171 1130 1346 1168 Eionem
1375 1130 1429 1180 (a.
1450 1130 1545 1181 476)
1572 1143 1730 1182 expug-

8 1195 45 1243 ’ῃ
95 1192 339 1243 navissent,
386 1205 635 1232 eoncessum
678 1195 814 1232 esset:
858 1190 972 1233 οὗτοι
1018 1192 1145 1245 δεῦρο
1188 1193 1438 1246 ἀφικόμενοι
1482 1194 1552 1235 τὸν
1594 1195 1732 1249 δῆμον

8 1248 40 1311 ᾗ,
92 1256 252 1310 ᾔτησαν
281 1256 466 1309 δωρεάν,
495 1256 567 1298 καὶ
595 1257 757 1298 ἔδωκεν
787 1257 927 1302 αὐτοῖς
955 1257 979 1298 ὁ
1010 1257 1146 1310 δῆμος
1175 1258 1295 1310 τιμὰς
1322 1259 1525 1311 μεγάλας,
1556 1260 1617 1305 ὡς
1645 1261 1728 1300 τότ’

8 1318 42 1362 Γ,
94 1320 252 1368 ἐδόκει,
294 1325 400 1374 τρεῖς
436 1321 623 1367 λιθίνους
655 1321 815 1375 Ἑρμᾶς
852 1326 996 1375 στῆσαι
1034 1323 1077 1363 ἐν
1115 1326 1164 1376 τῇ
1202 1328 1304 1376 στοᾷ
1340 1327 1388 1377 τῇ
1426 1327 1510 1364 τῶν
1542 1324 1730 1378 Ἑρμῶν,

8 1385 40 1412 ‘⁴'
94 1386 166 1440 ἐφ’
202 1385 241 1440 ᾧ
282 1402 323 1427 τε
363 1386 422 1440 μὴ
467 1386 792 1440 ἐπιγράφειν
829 1386 886 1428 τὰ
925 1387 1165 1440 ὀνόματα
1204 1388 1260 1428 τὰ
1299 1389 1525 1436 ἑαυτῶν,
1567 1390 1632 1431 ἵνα
1669 1391 1729 1444 μὴ

27 1462 49 1505 '73
94 1454 196 1493 τῶν
236 1454 551 1506 στρατηγῶν
593 1451 695 1492 ἀλλὰ
739 1455 830 1495 τοῦ
873 1451 1047 1506 δήμου
1091 1453 1200 1506 δοκῇ
1242 1453 1342 1494 εἶναι
1386 1454 1430 1495 τὸ
1469 1454 1726 1508 ἐπίγραμμα.

94 1518 246 1568 Itaque
286 1519 323 1558 si
364 1519 694 1568 imperatoribus
736 1520 779 1558 in
823 1519 1098 1569 inscriptione
1139 1521 1327 1569 profiteri
1370 1521 1555 1560 licuisset
1598 1534 1644 1561 se
1680 1545 1731 1550 —

35 1578 49 1620 τ’
93 1584 208 1634 quod
251 1595 399 1624 verum
442 1585 533 1623 erat
575 1605 627 1611 —
669 1584 839 1623 hermas
881 1585 1097 1634 posuisse,
1144 1585 1272 1624 nimia
1311 1586 1436 1624 laude
1473 1587 1612 1626 affecti
1651 1589 1730 1627 visi

12 1646 45 1681 ·’Ῑ
93 1651 254 1698 essent;
285 1649 443 1699 quibus
467 1649 730 1688 satisfactum
758 1650 995 1699 videbatur,
1025 1651 1060 1688 si
1081 1651 1265 1700 populus
1286 1663 1357 1690 eos
1379 1652 1550 1691 hermae
1571 1653 1731 1692 honore

93 1713 246 1764 dignos
270 1714 482 1754 iudicasse
504 1715 734 1763 diceretur,
763 1717 810 1754 ut
834 1718 898 1754 est
923 1716 964 1754 in
991 1716 1141 1766 altero,
1170 1717 1284 1765 quod
1309 1717 1537 1756 Aeschines
1561 1719 1725 1768 laudat,

31 1798 44 1835 :1
93 1779 397 1830 epigrammate
440 1779 581 1831 (Preg.
631 1779 747 1829 153):
806 1779 1051 1832 ἡγεμόνεσσι
1095 1779 1142 1820 δὲ
1182 1780 1341 1832 μισθὸν
1377 1781 1592 1835 Ἀθηναῖοι
1634 1783 1727 1823 τάδ’

28 1853 50 1895 '5
94 1841 264 1884 ἔδωκαν
288 1843 293 1895 Ι
318 1843 407 1884 ἀντ’
432 1843 668 1896 εὐεργεσίης
696 1844 766 1884 καὶ
794 1845 980 1898 μεγάλης
1009 1845 1157 1899 ἀρετῆς
1185 1846 1268 1886 κτλ.
1316 1848 1366 1886 In
1396 1849 1571 1898 antiqua
1601 1850 1730 1899 igitur

8 1930 47 1968 ⁸:
93 1909 340 1960 traditione,
381 1921 511 1960 quam
550 1922 625 1960 per
662 1911 884 1960 Ephorum
912 1912 987 1962 47),
1029 1913 1192 1962 opinor,
1235 1916 1512 1964 propagatam
1543 1916 1730 1953 servavit

6 2079 10 2087 '
137 2073 184 2116 4⁶)
232 2076 468 2109 Reitzenstein
494 2087 523 2118 p.
549 2075 614 2109 116
638 2076 710 2110 fere
735 2077 883 2111 eandem
908 2078 979 2111 iam
1006 2080 1151 2120 protulit
1175 2080 1392 2122 opinionem,
1417 2081 1474 2113 sed
1502 2082 1599 2113 nullo
1623 2092 1729 2122 argu-

6 2126 10 2140 ”
95 2136 214 2165 mento
236 2132 515 2175 comprobatam:
540 2131 655 2166 ‘wenn
681 2134 833 2166 Herodot
859 2135 928 2167 und
955 2135 1185 2178 Thukydides
1209 2146 1300 2169 zwar
1322 2137 1542 2179 Epigramme.
1566 2139 1728 2180 citici-on,

5 2189 13 2221 ἴ
94 2186 201 2221 deren
235 2187 414 2221 Verfasser
443 2190 526 2223 aber
556 2190 656 2222 nicht
688 2199 848 2232 nennen,
880 2200 917 2223 so
952 2191 1092 2224 beweist
1123 2193 1199 2225 dies
1232 2193 1322 2233 klar,
1354 2193 1433 2225 dass
1466 2195 1542 2226 ihre
1574 2194 1645 2226 Zeit
1670 2195 1730 2227 ‹las-

7 2234 58 2282 ἦ,
94 2242 293 2287 Epigramm
329 2254 405 2277 nur
439 2246 505 2277 als
539 2245 918 2279 inschriftliches
953 2247 1163 2289 Zeugnis,
1203 2249 1333 2281 nicht
1369 2250 1434 2281 als
1468 2250 1726 2283 Dirhtwerk

95 2298 407 2333 betrachtete’.
442 2299 539 2333 Nihil
573 2306 692 2334 autem
726 2302 768 2333 de
801 2302 964 2335 Herodoti
991 2304 1043 2335 vel
1067 2304 1282 2346 Thucydidis
1307 2308 1423 2337 aetate
1448 2306 1728 2345 demonstratur,

93 2354 153 2389 sed
187 2355 231 2390 de
264 2360 442 2398 tempore,
476 2366 546 2398 quo
582 2357 844 2399 inscriptiones,
881 2359 922 2391 de
959 2359 1089 2401 quibus
1126 2361 1332 2393 traditiones
1369 2362 1547 2394 fluxerunt.
1582 2362 1615 2394 in
1652 2363 1729 2395 illos

94 2411 294 2454 scriptores,
326 2413 455 2446 incisae
485 2417 580 2446 sunt.
620 2414 803 2446 Praeterea
835 2414 997 2447 Herodoti
1022 2416 1136 2457 locus,
1170 2418 1344 2458 quomodo
1368 2418 1596 2458 explicandus
1619 2422 1727 2453 esset.

54 2502 67 2510 ,-
93 2466 131 2500 in
162 2467 276 2501 medio
306 2468 379 2511 ipse
411 2469 686 2512 relinquendum
711 2471 813 2503 duxit
838 2481 867 2512 p.
892 2470 967 2504 11⁸2.
993 2482 1026 2504 n.
1051 2471 1090 2512 1,
1123 2482 1238 2514 neque
1262 2473 1424 2515 expedire
1449 2483 1635 2515 aggressus
1657 2479 1726 2515 est,

38 2519 45 2523 '⁴
89 2524 156 2568 ,qui
187 2523 383 2558 Herodotus
413 2525 603 2559 Simonidis
635 2527 748 2559 facere
781 2528 996 2560 mentionem
1031 2529 1203 2570 potuerit,
1236 2530 1263 2560 si
1296 2533 1527 2562 auctorem
1553 2530 1727 2571 epigram-

3 2593 7 2596 ·
60 2570 66 2612 ³,
96 2580 199 2614 matis
229 2591 298 2614 non
330 2583 540 2623 respexisset
587 2583 645 2615 Vir
674 2585 734 2624 cl.‚
755 2584 794 2616 'si
828 2594 947 2616 revera
980 2586 1200 2626 argumentis
1225 2586 1420 2627 probasset,
1452 2595 1544 2628 quae
1569 2596 1662 2619 nunc,
1693 2603 1725 2609 -

13 2628 18 2631 ¹
61 2642 68 2674 ,’
92 2636 283 2671 maximnm
309 2641 443 2679 partem
468 2647 552 2671 sane
578 2642 671 2671 recte
695 2657 737 2661 —
761 2640 927 2680 coniecit,
953 2641 1225 2675 fundamentum
1252 2646 1343 2674 esset
1368 2629 1534 2683 adeptus,
1558 2643 1648 2684 quod
1670 2643 1729 2683 iis,

43 2695 186 2735 qno
207 2692 251 2725 de
274 2693 452 2727 Simonide
475 2695 681 2737 dissereret,
705 2696 960 2729 substruxisset
983 2697 1043 2736 (cs.
1067 2696 1084 2737 ἓ
1108 2696 1176 2737 ⁶23).

55 2752 70 2787 ἦ
136 2745 184 2790 ⁴⁷)
232 2749 367 2791 Ephoro
398 2760 503 2784 usum
534 2761 611 2784 csse
638 2752 846 2785 Aeschinem
872 2762 912 2785 ex
938 2764 978 2786 eo
1002 2752 1132 2791 efficio,
1165 2754 1257 2795 quod
1283 2764 1358 2795 epp.
1386 2755 1533 2786 redeunt
1558 2765 1610 2796 ap.
1638 2755 1727 2787 Plut.

50 2846 59 2855 Γ
95 2801 182 2839 cim.
205 2803 244 2846 73
274 2806 337 2848 qui
369 2816 423 2839 res
453 2808 544 2849 apud
582 2808 722 2841 Eionem
755 2813 872 2851 gestas
906 2809 1039 2850 Ephoro
1063 2809 1201 2849 (Busolt
1229 2808 1298 2841 1112.
1326 2809 1383 2842 101
1414 2821 1445 2842 ιι.
1471 2810 1506 2847 1)
1529 2811 1630 2843 «lebet
1657 2812 1726 2842 six-0

2 2870 8 2882 ··
52 2869 62 2894 ,·
94 2857 313 2904 Theopompo
342 2860 416 2903 (w.
447 2862 514 2895 362
546 2874 579 2897 n.
603 2863 640 2902 1)
671 2864 713 2897 ad
748 2865 923 2907 Ephorum
949 2865 1072 2906 opinor
1097 2866 1301 2898 recurrenti.
1339 2866 1465 2898 Eadem
1492 2870 1567 2898 tum
1593 2867 1725 2898 ohtinrt

50 2920 213 2951 &rorum
236 2917 391 2951 condicio
414 2923 522 2962 atque
546 2921 581 2953 in
605 2921 860 2962 epigrammate
885 2922 1105 2954 Corinthiaco
1129 2921 1192 2954 1:37
1218 2922 1268 2961 (in
1289 2922 1423 2963 Ephoro
1444 2932 1495 2963 ep.
1516 2923 1601 2964 legit
1621 2923 1727 2962 l’lut.,

56 2969 306 3019 -r'l'heopompi
339 2983 380 3007 ex
414 2975 552 3017 Ephoro
583 2977 712 3010 hausta
743 2978 912 3010 memoria
944 2981 1082 3009 servata
1113 2982 1166 3010 est
1199 2978 1231 3009 in
1266 2977 1379 3010 Schol.
1415 2978 1510 3010 Pina.
1543 2979 1585 3009 cs.
1618 2977 1725 3015 ξῖὶίὶ).

0 3020 3 3023 ’
59 3025 238 3071 ΤΕΜΜ,
271 3030 333 3072 qui
363 3031 635 3073 epiyrammaea
666 3043 707 3065 cx
741 3033 911 3065 Aeschine
947 3033 1175 3065 Plutarchum
1211 3034 1370 3074 petivisse
1402 3038 1524 3075 putent
1557 3033 1639 3071 (vid.
1672 3043 1725 3075 ap.

0 3073 1 3076 ’
60 3079 176 3131 jeus.
200 3083 288 3127 111²).
315 3085 366 3120 cr.
389 3085 407 3128 ς
429 3087 474 3120 29
504 3098 537 3122 n.
560 3087 614 3121 28.
