2072 3568
397 237 497 289 Cap.
533 231 589 278 11.
1188 232 1240 277 50

398 364 645 414 scriptorem
684 373 779 402 cum
819 361 1053 413 genuinum
1093 364 1254 401 textum
1286 359 1489 412 praebere
1518 363 1709 412 putaret,
1753 371 1881 403 versu
1907 358 2041 404 altero

397 429 636 468 coniectura
679 431 840 468 tentato
882 428 1068 467 indicare
1113 427 1266 475 voluit,
1313 427 1528 476 quomodo
1569 427 1809 468 testimonia
1847 427 1957 468 inter
1993 438 2041 468 se

384 497 539 537 ‚essent
567 482 739 533 conexa.

451 560 596 610 Neque
647 559 806 598 nodum
858 558 1038 597 solvisse
1085 557 1185 597 mihi
1235 557 1403 597 videtur
1452 557 1806 598 Wilamowitz
1853 557 2036 608 (eornm.

397 638 436 676 p.
470 625 593 674 :3-7,
641 625 768 663 NGG.
810 636 849 674 p.
883 623 1003 674 310),
1051 634 1313 673 quamquam
1358 623 1431 662 uni
1476 622 1685 673 imprimis
1723 623 1782 663 rei
1819 622 2040 675 splendide

397 691 530 729 lucem
574 689 714 729 attulit
758 688 829 738 (ci.
874 686 900 739 ἓ
931 688 1016 738 30).
1065 688 1150 727 Viri
1190 687 1413 727 clarissimi
1453 687 1608 727 iudicio
1644 687 1888 728 Athenaeus
1923 690 2040 728 totus

397 756 550 806 pendet
577 767 602 795 a
632 755 978 805 Chamaeleonte,
1012 755 1092 794 nisi
1123 754 1237 804 quod
1267 754 1310 792 in
1338 754 1467 793 huius
1493 753 1685 793 notitiam
1710 753 1886 794 intrusit
1908 754 2039 795 verba

396 820 458 865 ὡς
485 820 555 861 καὶ
589 819 850 872 Θεόπομπος
877 818 1033 871 ἱστορεῖ
1057 818 1127 859 καὶ
1160 817 1332 870 Τίμαιος
1360 817 1404 858 ἒν
1434 821 1482 871 τῇ
1511 818 1559 866 ζ.
1603 819 1757 860 Vereor
1784 830 1839 860 ne
1865 830 1915 860 eo
1944 819 2036 871 vin,

396 900 480 937 qua
506 888 806 937 Theopompus
830 888 959 936 atque
978 886 1177 925 Timaeus
1201 897 1225 924 e
1249 885 1500 935 quaestione
1521 885 1811 936 eliminantur,
1837 885 2038 936 cuiquam

397 953 560 1002 placere
588 963 673 991 non
704 951 851 1002 possit.
886 951 1011 990 Recte
1037 951 1176 990 virum
1201 950 1252 989 cl.
1284 950 1442 989 vidisse
1464 950 1650 990 arbitror
1673 950 2039 992 Chamaeleontem

396 1018 596 1056 Athenaei
635 1017 794 1056 fontem
833 1017 968 1055 fuisse
1005 1017 1280 1067 primarium,
1322 1016 1396 1055 sed
1434 1016 1616 1066 erravit,
1658 1016 1740 1055 nisi
1775 1027 1856 1068 ego
1891 1016 2035 1068 lailot,

396 1094 492 1122 cum
542 1083 713 1133 negavit
762 1082 1024 1121 Athenaeum
1075 1082 1117 1120 in
1168 1081 1508 1121 Chamaeleontis
1555 1081 1664 1121 libro
1711 1081 1795 1122 iam
1841 1081 2040 1122 laudatos

395 1148 611 1187 invenisse
653 1147 974 1197 Theopompum
1017 1149 1146 1196 atque
1188 1146 1407 1186 Timaeum
1454 1146 1525 1196 (ci.
1566 1145 1625 1197 ἐξ
1655 1145 1729 1197 30,
1761 1145 1849 1196 31).
1893 1145 2041 1197 Neque

396 1212 699 1252 Wilamowitzii
738 1211 961 1262 explicatio
990 1211 1236 1250 satisfacere
1265 1212 1401 1261 potest
1431 1211 1472 1250 in
1503 1211 1751 1251 condicione
1777 1210 2039 1263 Theopompi

395 1281 524 1328 atque
566 1277 782 1317 Plutarchi
824 1276 1102 1327 designanda.
1151 1276 1251 1315 Iure
1294 1274 1342 1326 (ἓ
1372 1275 1443 1326 28)
1486 1287 1585 1315 eum
1623 1276 1819 1317 reiecisse
1853 1276 2038 1328 priorem

398 1343 579 1394 (Comm.
599 1354 639 1392 p.
660 1341 703 1393 3)
725 1342 965 1392 opinionem
986 1342 1195 1390 existimo,
1221 1341 1496 1381 Plutarchum
1514 1353 1642 1381 usum
1656 1341 2040 1394 esseTheopompo

396 1409 507 1459 ipso;
547 1409 671 1448 cuius
710 1408 901 1447 notitiam
941 1408 1082 1458 potius
1120 1419 1195 1457 per
1233 1407 1364 1446 alium
1403 1407 1653 1457 scriptorem
1690 1406 1906 1458 quendam
1938 1418 2037 1448 eum

395 1475 647 1525 cognovisse
684 1473 1030 1514 constituendum
1073 1473 1252 1512 videtur.
1296 1473 1380 1513 Sed
1410 1473 1517 1512 mire
1544 1485 1624 1512 nos
1652 1473 1870 1524 inquirere
1897 1475 2034 1525 vetat,

395 1541 570 1589 quinam
609 1541 758 1579 auctor
796 1539 906 1578 inter
942 1542 1174 1588 utrumque
1202 1538 1369 1578 medius
1398 1538 1452 1577 sit
1483 1538 1630 1589 (‘nach
1658 1538 1741 1578 den
1770 1538 1933 1579 Namen
1960 1538 2040 1579 der

396 1606 732 1645 Mittelsmiinner
770 1616 821 1643 zu
860 1604 1022 1653 suchen
1060 1605 1115 1643 ist
1143 1616 1252 1655 ganz
1283 1603 1500 1654 mfissig').
1546 1605 1599 1643 At
1626 1616 1676 1644 ea
1704 1604 1799 1655 ipsa
1825 1603 1880 1644 de
1905 1615 2038 1645 eausa

394 1671 533 1709 omnis
572 1672 718 1710 nostra
757 1670 1027 1720 investigatio
1060 1669 1318 1708 instituitur:
1357 1669 1425 1708 ille
1452 1669 1564 1708 enim
1594 1669 1797 1721 scriptor,
1836 1669 2037 1720 quamvis

394 1749 445 1776 ex
482 1737 755 1787 Theopompo
783 1736 1066 1786 antiquiorem
1095 1736 1415 1787 epigrammatis
1443 1736 1733 1776 condicionem
1762 1736 2033 1788 cognoverit,

398 1802 626 1841 Plutarcho
655 1801 929 1840 recentiorem
959 1801 1188 1840 tradidisse
1216 1801 1397 1841 videtur.
1441 1800 1600 1846 Quales
1629 1802 1847 1851 praeterea
1876 1801 2036 1841 'limaci

395 1867 553 1906 inerint
591 1868 734 1917 partes
772 1877 819 1904 se
855 1866 1074 1905 affirmare
1112 1878 1196 1905 non
1234 1877 1360 1915 posse
1389 1878 1470 1904 v.c.
1505 1866 1596 1916 ipse
1624 1866 1851 1916 profitetur
1879 1865 1941 1917 (p.
1970 1864 2032 1916 4).

395 1933 479 1971 Nec
514 1932 698 1982 denique
729 1931 967 1970 enucleavit
995 1931 1272 1970 donariorum
1301 1931 1529 1970 discrimen
1561 1943 1699 1981 neque
1727 1933 1922 1971 textuum
1949 1930 2036 1972 dis-

394 1997 668 2048 crepantiam.

449 2062 476 2115 §
505 2063 570 2102 27.
632 2061 699 2102 De
723 2060 1025 2113 Theopompo.
1085 2061 1442 2101 Testimoniorum
1462 2061 1758 2112 cognationem
1763 2061 2036 2132 indagatum

394 2130 449 2170 ab
476 2141 525 2168 eo
554 2128 910 2179 proficiscendum
939 2130 1002 2167 est
1032 2127 1259 2178 scriptore,
1292 2127 1416 2166 cuius
1437 2127 1567 2167 verba
1589 2127 1743 2167 tradita
1763 2110 1868 2167 suut
1885 2126 2036 2167 alienis

394 2194 591 2235 frustulis
621 2205 706 2232 non
736 2193 1001 2243 intermixta,
1035 2204 1093 2232 sc.
1126 2205 1150 2232 a
1180 2192 1467 2243 Theopompo.
1506 2191 1588 2238 Qui
1618 2192 1743 2232 nobis
1769 2192 2033 2233 occasionem

393 2262 466 2300 dat
512 2259 752 2309 statuendi,
802 2259 906 2308 quid
952 2259 996 2297 in
1044 2258 1246 2297 Athenaei
1292 2258 1534 2297 testimonio
1576 2269 1661 2297 non
1703 2257 1786 2308 ipsi
1826 2256 1903 2297 sed
1943 2257 2036 2297 sive

394 2325 708 2366 Chamaeleonti
738 2324 828 2363 sive
856 2325 1027 2363 Timaeo
1055 2323 1261 2363 debeatur
1291 2323 1362 2374 (ci.
1398 2322 1424 2374 ἓ
1454 2322 1540 2373 30).

448 2390 755 2430 constituenda
793 2390 875 2429 iam
912 2392 977 2429 est
1004 2389 1195 2428 condicio
1223 2389 1544 2439 Theopompeae
1572 2388 1615 2428 in
1648 2388 1818 2428 Scholio
1845 2356 2030 2428 notitiae.

394 2458 532 2503 Quam
571 2456 779 2506 integram
819 2467 1017 2494 servasse
1058 2454 1339 2494 Scholiastam
1374 2454 1545 2504 Pregeri
1573 2457 1638 2494 est
1666 2453 1876 2494 sententia
1906 2452 2029 2505 (diss.

395 2535 434 2573 p.
471 2521 553 2571 13).
601 2522 693 2560 Hoc
720 2521 916 2570 equidem
945 2521 1182 2570 praefracte
1210 2532 1332 2571 nego.
1381 2520 1571 2559 Primum
1600 2520 1712 2559 enim
1741 2519 1859 2559 haud
1886 2517 2033 2559 verisi-

395 2587 491 2625 mile
527 2589 590 2625 est
626 2586 812 2625 tacuisse
844 2586 1164 2635 Theopompum
1193 2585 1246 2624 de
1274 2583 1476 2624 donario
1505 2587 1633 2635 atque
1659 2585 1714 2624 de
1738 2585 1833 2624 eius
1859 2593 2028 2636 genere.

397 2652 554 2690 Deinde
591 2652 633 2690 in
674 2651 816 2690 verbis
854 2648 990 2689 εἶναι
1030 2649 1129 2701 (ἔστι
1166 2648 1347 2700 Bergk!)
1379 2648 1425 2689 ὀὲ
1452 2648 1525 2688 καὶ
1554 2651 1629 2689 νῦν
1655 2647 2035 2702 ἀναγεγραμμένον

393 2715 476 2756 κτλ.
509 2717 744 2756 Scholiasta
783 2717 848 2755 vel
886 2716 979 2755 eius
1014 2719 1163 2755 auctor
1201 2716 1244 2754 in
1282 2716 1458 2755 brevius
1495 2715 1752 2755 contrahens
1784 2714 1916 2755 relata
1943 2725 2031 2754 cer-

395 2783 523 2821 nitur.
570 2783 716 2831 Neque
753 2781 882 2821 verba
921 2779 1325 2832 ἀναγεγραμμένον
1352 2779 1530 2831 ssaeyerov
1557 2779 1717 2820 εἰσιόντι
1745 2778 1803 2824 εἷς
1828 2777 1901 2820 τὸν
1926 2777 2032 2820 ναὸν

393 2846 611 2898 Ξριστερᾶς
646 2844 786 2899 χειρὸς
820 2846 1027 2885 eiusmodi
1063 2851 1187 2895 sunt,
1230 2849 1276 2885 ut
1304 2858 1327 2885 a
1357 2846 1470 2885 bono
1499 2847 1706 2896 scriptore
1731 2857 1781 2885 ea
1809 2844 1909 2885 data
1935 2855 2032 2885 esee

393 2913 575 2952 credam.
626 2913 720 2958 Qua
749 2913 803 2951 de
829 2924 959 2952 causa
988 2913 1308 2963 Theopompum
1338 2913 1563 2962 scripsisse
1590 2915 1694 2962 puto
1722 2923 1807 2951 non
1836 2901 2030 2963 insaee‘p·

395 2977 565 3018 tionem
595 2979 729 3017 ruisse
756 2978 960 3028 templum
990 2979 1166 3017 intranti
1195 2979 1249 3017 ad
1279 2978 1520 3027 sinistram,
1553 2978 1627 3016 sed
1653 2974 1928 3027 donarium,
1960 2975 2030 3016 cui

393 3044 494 3082 illud
542 3042 719 3095 ἐλεγεῖον
759 3047 870 3083 esset
914 3043 1218 3093 subscriptum.
1279 3043 1399 3088 Quae
1439 3044 1679 3082 coniectura
1721 3054 1773 3081 ex
1815 3042 2030 3081 Athenaeo

393 3110 637 3149 confirmari
673 3112 828 3160 potest;
869 3109 983 3160 apud
1012 3121 1109 3148 eum
1138 3109 1250 3149 enim
1280 3109 1483 3159 leguntur
1513 3108 1641 3148 verba
1670 3106 1918 3148 ἀναθέντων
1943 3107 2030 3147 τῶν
