2072 3568
924 258 1002 304 227
1628 260 1654 317 ἓ
1687 259 1775 306 132.

140 390 306 442 integra
357 386 412 429 sit
462 386 593 428 series
635 387 814 441 θρῆνοι,
870 387 1086 440 ἐγκώμια,
1143 386 1336 440 ε’πιγρά
1346 404 1379 441 μ
1389 402 1548 441 ματα,
1598 391 1779 434 παιᾶνες.

46 445 73 507 'ss
141 457 330 497 Iudicem
367 467 443 505 per
481 455 733 504 Dionysium
772 455 1198 493 Halicarnassensem
1235 455 1442 493 minorem
1480 456 1607 504 atque
1645 456 1780 505 Hesy-

141 521 281 562 chiani
319 520 615 570 Onomatologi
654 520 877 569 Epitomen
916 531 1015 558 cum
1052 519 1095 558 in
1138 519 1315 558 Suidam
1353 522 1445 558 tum
1474 520 1516 558 in
1547 520 1779 559 Eudociam

140 598 193 627 ex
232 585 555 627 Callimachi
594 585 769 624 Tabulis
807 585 1055 634 pervenisse
1082 585 1224 623 docuit
1256 585 1376 623 Daub
1408 584 1478 635 (de
1509 584 1666 624 Suidae
1693 585 1780 623 bio·
1813 575 1816 579 ’

44 703 50 709 .
142 652 444 703 graphicorum
481 650 646 700 origine
681 651 722 688 et
760 650 870 700 fide,
913 650 1052 689 Fleck.
1081 650 1233 689 Jahrb.
1265 651 1336 688 XI.
1369 649 1517 699 Suppl.
1549 650 1626 688 Bd.
1658 649 1778 700 1880)

141 729 182 768 p.
226 717 318 756 427.
373 713 424 755 Ἐ
430 713 595 766 πιγρά
604 729 638 766 μ
648 728 717 765 μα
730 727 787 754 τα
834 714 1119 754 Callimachus
1161 715 1204 752 in
1251 714 1482 753 Simonidis
1524 715 1780 765 scriptorum

44 822 47 826 ,
141 782 430 822 recensionem
459 780 669 830 recepisse
699 779 879 829 videtur,
912 791 998 818 non
1029 791 1144 818 mera
1173 779 1295 817 nisus
1324 779 1437 818 fama
1466 780 1518 818 de
1547 782 1667 829 poeta
1697 780 1780 829 epi-

140 841 439 898 grammaticm
473 845 548 884 sed
575 844 808 895 exemplari
831 856 939 883 usus
968 843 1161 894 Sylloges
1190 843 1531 883 Simonideorum
1554 843 1780 895 epiyram-

78 906 84 910 ’
140 913 343 962 matum,
376 911 492 961 quod
520 910 688 950 adesset
716 910 760 948 in
790 909 1051 948 Bibliotheca
1079 909 1364 948 Alexandrina
1397 908 1467 960 (cf.
1501 908 1527 960 ξ
1557 908 1643 960 38).

194 979 232 1017 4.
292 978 498 1016 Tzetzes
527 976 571 1014 in
602 976 766 1026 Proleg.
801 975 855 1014 ad
885 975 1094 1025 Lycophr.
1127 986 1223 1014 cum
1253 975 1358 1013 alios
1387 977 1607 1013 enumerat
1635 976 1780 1024 poetas

139 1045 231 1086 tum
272 1044 419 1093 poetas
461 1041 832 1092 epigrammaticos
873 1039 943 1091 (cf.
985 1038 1010 1090 ἓ
1053 1040 1101 1079 72
1142 1052 1183 1078 n.
1224 1038 1314 1090 73),
1360 1039 1470 1078 inter
1507 1052 1615 1089 quos
1654 1041 1781 1079 refert

143 1108 423 1148 Sim0nidem:
468 1103 1064 1158 ἓπιγραμματογράφοι
1108 1103 1153 1144 δὲ
1194 1104 1361 1157 ποιηταὶ
1401 1103 1719 1156 Σιμωνίδης
1757 1103 1780 1144 ὁ

55 1197 60 1199 -
139 1171 316 1217 παλαιὸς
356 1170 439 1212 κτλ.
449 1184 459 1222 ;
503 1183 590 1222 quo
632 1173 804 1210 auctore
846 1171 1030 1220 nitatur,
1077 1170 1246 1208 Tzetzes
1289 1170 1380 1219 ipse
1421 1170 1578 1209 indicat
1619 1170 1780 1209 addens

65 1259 67 1261 ·
141 1235 193 1278 οὗ
216 1235 510 1290 Ἡρόδοτος
541 1236 653 1288 (VII.
683 1235 780 1286 228)
811 1234 1031 1287 μέμνηται.

72 1304 86 1353 f
194 1305 232 1344 5.
290 1294 568 1342 Aristides
605 1302 649 1340 in
688 1313 750 1340 or.
787 1301 831 1339 in
870 1301 1089 1340 Platonem
1127 1300 1179 1339 de
1218 1301 1275 1338 IV
1309 1300 1412 1339 viris
1442 1300 1518 1339 215
1550 1300 1673 1339 Dind.
1705 1300 1776 1351 (cf.

55 1364 93 1419 5⁹
143 1367 169 1420 ξ
213 1368 263 1408 63
305 1380 348 1407 n.
386 1366 479 1418 55):
521 1365 655 1407 καίτοι
692 1364 892 1406 τοσοῦτόν
931 1364 968 1417 γ’
1001 1365 1054 1404 ἂν
1091 1364 1248 1416 εἴποιμι
1286 1363 1586 1416 θαρρούντως·
1629 1364 1667 1404 εἰ
1700 1363 1780 1416 γὰρ

48 1421 58 1480 2
141 1430 341 1479 ἀναστὰς,
383 1431 516 1494 λέγαζ,
562 1429 743 1471 Πλάτων
782 1428 908 1475 αὐτὸς
946 1429 1116 1476 ἀξιώσει
1153 1433 1401 1482 κατηγορεῖν
1438 1428 1672 1469 *Μιλτιάδου
1710 1428 1781 1469 καὶ

66 1516 92 1546 ἡ
140 1500 213 1538 τοῦ
250 1496 459 1550 βελτίονος
496 1496 613 1549 αὐτῷ
650 1499 772 1536 τοῦτο
809 1494 939 1547 λόγου
978 1498 1128 1547 κρινεῖ,
1166 1494 1298 1535 πάνθ’
1325 1494 1490 1547 ἕτοιμος
1518 1494 1652 1546 ἔγωγε
1681 1509 1779 1546 συγ-

53 1574 86 1590 *³
140 1565 295 1617 χωρεῖν
323 1561 394 1603 καὶ
420 1561 481 1615 μὴ
510 1560 670 1602 πολλοῦ
700 1575 808 1606 τινος
836 1560 955 1607 ἄξιον
983 1559 1054 1600 τὸν
1083 1559 1218 1612 ἄνδρα
1248 1559 1407 1600 ἐκεῖνον
1436 1560 1639 1613 ἡγεῖσθαι.
1678 1558 1779 1599 ἀλλὰ

68 1640 84 1653 ³
141 1627 221 1668 οὐκ
248 1627 301 1668 ἄν
327 1642 402 1680 μοι
431 1626 552 1668 δοκεῖ
575 1626 756 1679 ῥᾳδίως,
785 1625 834 1671 ὅς
858 1641 903 1679 γε
926 1625 998 1666 καὶ
1020 1625 1225 1678 μνησθεὶς
1248 1625 1342 1678 περὶ
1367 1625 1517 1672 αὐτοῦ,
1548 1624 1781 1678 ᾹΙιλτιάδην

54 1702 81 1728 ἒ
142 1692 219 1740 ὅὲ,“
246 1692 351 1747 φησὶ
389 1693 537 1744 (Gorg.
571 1693 649 1732 516
682 1692 751 1743 d),
793 1690 865 1731 τὸν
893 1690 936 1731 ἒν
965 1689 1225 1742 Μαραθῶνι.
1268 1691 1400 1731 καίτοι
1429 1690 1549 1731 τοῦτό
1579 1690 1685 1730 ἐστιν
1713 1690 1779 1742 ἑγ-

52 1807 60 1812 ¹·
142 1757 304 1812 γυτέρω
337 1757 505 1811 θρήνου
540 1755 649 1802 τινὸς
684 1757 709 1809 ἢ
745 1756 955 1809 μέμψεως
989 1755 1060 1796 καὶ
1094 1758 1360 1808 τιμῶντος
1394 1755 1598 1807 μᾶλλον
1633 1756 1657 1808 ἢ
1693 1770 1779 1796 κα-

54 1824 91 1866 }-f
141 1823 412 1871 κίζοντος,
455 1822 636 1874 ὥσπερ
678 1822 771 1866 οὓς
807 1820 1126 1874 Σιμωνίδης
1163 1820 1350 1861 εἰώθει
1388 1823 1545 1873 τιμᾶν
1581 1820 1634 1861 ἒν
1671 1824 1782 1865 τοῖς

141 1955 239 1988 dium
271 1955 321 1989 sic
348 1958 434 1998 puto
458 1954 723 1997 refingendum:
754 1951 815 1986 καὶ
839 1951 1025 1997 γέγραπται
1052 1978 1059 1986 .
1086 1978 1094 1986 .
1121 1978 1128 1985 .
1155 1978 1162 1985 .
1188 1951 1210 1997 ἦ
1235 1951 1434 1997 Καμβύσου
1458 1951 1519 1986 καὶ
1545 1951 1695 1995 Δαρείου
1719 1951 1780 1985 καὶ

53 2057 61 2061 ’
143 2009 315 2054 Ξέρξου
337 2009 567 2054 βασιλεία,
591 2022 654 2044 vox
679 2009 857 2053 ναυμαχία
882 2011 1001 2043 addita
1027 2011 1174 2053 videtur,
1199 2015 1385 2053 postquam
1407 2021 1470 2043 vox
1490 2007 1647 2053 βασιλεία
1670 2011 1781 2052 primo

61 2076 74 2115 ᾗ
141 2069 271 2102 omissa
299 2072 408 2111 atque
440 2069 517 2101 ideo
543 2067 656 2101 verbis
680 2065 742 2100 καὶ
768 2066 807 2100 Ξ.
833 2068 1069 2110 superscripta
1093 2071 1175 2100 ante
1199 2068 1261 2100 iila
1284 2068 1417 2100 inserta
1440 2070 1495 2099 est
1517 2065 1578 2106 (sc.
1604 2063 1625 2108 ἡ
1652 2064 1694 2098 K.
1719 2063 1780 2097 καὶ

53 2160 73 2169 -.
254 2146 259 2148 -
326 2122 484 2168 βασιλεία

58 2171 75 2182 ”
141 2178 293 2224 Δαρείου
324 2177 386 2213 καὶ
419 2177 580 2222 Ξέρξου).
618 2180 716 2212 Haud
749 2180 818 2212 scio
850 2190 895 2212 an
930 2180 985 2213 hic
1015 2181 1112 2213 locus
1144 2180 1351 2221 respiciatur
1379 2179 1414 2211 in
1441 2179 1510 2211 vita
1537 2179 1716 2210 l’imlarica
1739 2188 1778 2211 ex

74 2282 78 2284 ‚
141 2237 290 2270 Scholiis
312 2237 553 2270 Ambrosianis
576 2240 739 2278 excerpta
767 2237 951 2270 Westerm.
977 2234 1099 2279 Βιογρ.
1125 2247 1156 2278 p.
1180 2235 1241 2278 98„
1265 2236 1309 2268 35
1331 2235 1476 2277 (Christ.
1494 2235 1708 2277 1·in‹1.1·.Cl,
1726 2234 1779 2269 15:

140 2290 288 2337 ἐπέβαλε
310 2293 373 2334 (sc.
398 2293 513 2335 Pind.)
536 2289 575 2324 δὲ
600 2295 669 2329 τοῖς
693 2291 834 2335 χρόνοις
857 2290 1076 2334 Σιμωνίδου,
1098 2289 1122 2335 ᾗ
1146 2290 1316 2334 νεώτερος
1335 2289 1581 2334 πρεσβυτέρῳ·
1608 2293 1678 2323 τῶν
1696 2294 1781 2333 γοῦν

72 2350 81 2352 ”
141 2347 260 2382 αὐτῶν
288 2347 480 2393 μέμνηνται
511 2347 706 2392 ἀμφότεροι
736 2346 921 2391 πράξεων,
957 2346 1020 2381 καὶ
1050 2346 1115 2391 γὰρ
1148 2347 1352 2391 Σιμωνίδης
1384 2346 1446 2391 τὴν
1476 2346 1520 2380 ἐν
1552 2346 1779 2389 Σαλαμῖνι

65 2410 106 2429 Ψ·
140 2405 397 2449 ναυμαχίαν
426 2403 598 2449 γέγραφε,
630 2403 691 2438 καὶ
723 2404 904 2447 Πίνδαρος
933 2403 1106 2447 μέμνηται
1139 2407 1199 2447 τῆς
1225 2403 1398 2447 Ξέρξου
1423 2404 1487 2446 (sic
1513 2405 1779 2446 Westermann,

75 2458 77 2460 ’
111 2461 113 2463 ’
141 2463 215 2496 cod.
247 2460 413 2505 Κάδμου)
442 2460 694 2506 βασιλείας.
731 2462 809 2495 Νοη
841 2462 1011 2503 diiudico,
1044 2465 1165 2494 utrum
1202 2472 1319 2494 revomi
1351 2471 1491 2494 carmen
1525 2462 1567 2493 de
1597 2460 1782 2503 Cambysis

70 2511 80 2559 ⁵7
144 2518 236 2553 Darii
273 2519 435 2559 <Xer-xis>
470 2529 577 2562 regno
609 2519 716 2552 fuisse
747 2529 828 2551 cum
861 2518 1127 2552 Schneidewino
1159 2518 1217 2559 (fr.
1248 2517 1285 2558 1)
1315 2518 1603 2550 constituendum
1635 2519 1698 2559 sit,
1735 2528 1779 2550 un

66 2573 86 2619 ,ῥ’
143 2577 252 2608 latere
284 2576 444 2609 notitiam
477 2576 520 2608 de
551 2575 742 2609 Simonidis
773 2579 889 2608 aetate
922 2575 982 2615 (sc.
1015 2585 1098 2607 eum
1128 2575 1253 2607 vixisse
1278 2575 1508 2616 regnantibus
1533 2574 1601 2606 iuis
1626 2574 1780 2615 regibus)

61 2628 103 2668 η’
141 2641 223 2664 cum
258 2632 485 2675 Bernhardyo
517 2635 625 2674 atque
660 2632 816 2674 Bergkio.
850 2648 892 2654 —-—
927 2632 1074 2664 Prorsus
1105 2632 1279 2664 reicienda
1310 2634 1364 2664 est
1397 2631 1592 2672 Bergkiuua
1623 2631 1781 2662 traiectio

75 2701 99 2740 ᾧ
122 2678 205 2731 'xpi
238 2685 260 2731 ἧ
295 2683 349 2720 ἔπ’
385 2685 471 2730 Ἀρτ.
507 2699 611 2730 ναυμ.
646 2685 869 2729 μελικῶς,
904 2684 994 2730 ἧδ’
1026 2684 1063 2719 ἕν
1095 2685 1181 2719 Σαλ.
1215 2684 1272 2719 δι’
1303 2684 1526 2729 ἐλεγείας,
1562 2697 1778 2729 ‹1iia1uquam

60 2742 119 2784 5*
143 2744 276 2787 placuit
306 2744 463 2777 Kaibeiio
493 2743 540 2786 (p.
573 2743 673 2786 452),
709 2744 843 2776 Duubio
874 2743 972 2785 (1.1.),
1010 2743 1277 2778 Waclisrnuthio
1309 2742 1385 2785 (qui
1418 2743 1523 2775 simul
1556 2743 1778 2774 scribendum

76 2822 80 2826 ‹
103 2797 106 2799 ’
144 2803 247 2843 putat
270 2797 406 2842 Ξέρξου
428 2798 655 2843 ναυμαχίαι,
688 2797 780 2842 [καὶΙ
806 2797 828 2843 ἦ
853 2797 948 2841 κτλ.,
980 2810 1033 2842 ap.
1061 2799 1263 2839 Daubiuin).
1308 2799 1415 2831 Nullo
1438 2809 1477 2831 ca
1504 2799 1629 2830 nititur
1653 2798 1779 2830 fumia-

66 2875 70 2877 Α
143 2861 281 2898 mento,
313 2857 381 2889 nisi
411 2857 505 2899 quod
540 2857 651 2899 Bergk
677 2857 742 2889 sibi
767 2860 987 2899 persuaserat
1011 2856 1201 2888 Artemisia·
1228 2866 1381 2897 pugnam
1407 2858 1562 2896 spectare
1586 2854 1670 2886 Sim.
1697 2854 1735 2886 fr.
1761 2853 1780 2885 4

96 2901 335 2955 ›,.'melicum‚
368 2913 461 2955 quod
497 2913 620 2955 incipit
652 2914 723 2945 τῶν
756 2909 794 2945 ἒν
829 2909 1152 2954 Θερμοπύλαις
1187 2909 1371 2944 θανόντων
1405 2908 1479 2943 κτλ.
1529 2911 1779 2951 Fragmentum

73 2974 81 3012 :⁸
109 2964 111 2966 ’
143 2969 309 3002 carminis
338 2969 375 3002 in
406 2969 636 3002 Salaminiam
671 2979 825 3012 pugnam
859 2969 1002 3009 melici,
1035 2968 1127 3010 quod
1154 2969 1241 3000 latet
1267 2968 1356 2999 l'lut.
1380 2967 1501 2999 ΊῚιειιι.
1526 2967 1568 2999 15
1595 2969 1649 3003 <et
1673 2966 1715 2998 de
1742 2966 1779 2997 Η.

66 3013 87 3073 7⁵¹
146 3034 193 3059 m.
215 3025 277 3067 42,
301 3026 344 3058 cf.
368 3024 386 3066 ἓ
408 3025 453 3058 28
477 3036 507 3068 p.
532 3025 576 3057 53
598 3028 634 3058 et
659 3036 692 3058 n.
716 3024 801 3065 23),
829 3026 974 3067 Bergkio
999 3029 1075 3057 tum
1101 3025 1142 3056 ad
1169 3025 1316 3064 elegiam
1343 3024 1400 3059 (fr.
1422 3024 1480 3058 83)
1505 3023 1634 3055 referre
1661 3032 1779 3054 neces·-

60 3096 101 3133 ²14⁴
144 3082 276 3114 sarium
300 3085 387 3115 erat.
410 3099 453 3105 —
480 3082 578 3115 Unde
601 3083 812 3115 accesserint
836 3079 1025 3124 τραγῳδίαι
1051 3082 1224 3113 inem-tum
1250 3085 1322 3121 est,
1349 3080 1550 3121 Bernhardy
1578 3078 1780 3111 (;··.1,.³703

62 3147 89 3183 'j
138 3137 281 3172 *confert
302 3135 463 3181 δράματα
488 3134 635 3182 τραγικὰ
659 3139 695 3171 in
720 3138 852 3171 Suicleo
875 3137 988 3170 indice
1015 3137 1277 3170 l’induricorum
1299 3136 1519 3179 scriptorum.

1580 3189 1647 3226 15*
