2072 3568
870 218 945 258 123
1599 219 1624 270 g
1657 220 1718 258 74.

89 341 177 384 καὶ
216 341 368 382 ἄλλο·

88 406 253 460 ἀστὴρ
281 406 365 447 κτλ.
399 407 480 458 (ep.
511 407 554 457 b)
589 419 636 442 ->
871 407 927 452 εἰς
957 406 1002 447 δὲ
1031 406 1101 447 τὸν
1130 406 1305 448 Δίωνα
1335 406 1531 459 ‹bas-ep.
1562 421 1594 448 c.

31 465 33 467 ⁵
139 474 164 522 ,ι
870 475 991 513 τοῦτο
1031 503 1039 512 .
1075 503 1084 512 .
1121 503 1129 512 .
1166 504 1174 512 .
1215 473 1352 525 τάφῳ.
1392 472 1494 513 ἀλλὰ
1531 473 1617 526 μὴν
1654 473 1723 513 καὶ

864 536 1154 584 Ἀλέξιδος,
1210 538 1354 589 φασίν,
1411 537 1604 589 ἐρασθεὶς
1654 537 1724 578 καὶ

875 602 1140 654 Φαίδρου,
1179 602 1296 642 καθὰ
1327 603 1589 656 προείρηται,
1628 606 1722 643 τοῦ·

14 711 22 724 ,ί
802 718 807 726 .
870 684 940 709 τον
994 668 1162 721 ἐποίησε
1217 667 1287 708 τὸν
1340 668 1497 720 τρόπον
1514 680 1522 689 ·
1580 682 1644 719 ep.
1693 669 1725 709 d

87 733 229 787 ἔχειν
280 747 329 773 τε
374 732 795 785 Ἀρχεάνασσαν,
873 734 1005 786 (quod
1034 735 1170 773 estin
1199 735 1261 773 Al.
1295 737 1423 784 atque
1452 734 1568 785 Ph.).

87 799 161 844 εἰς
188 800 249 852 ἣν
279 829 287 838 .
310 829 319 838 .
342 829 349 838 .
372 830 380 838 .
413 802 666 858 ποιῆσαι·
691 798 796 851 Ἀρ-

87 864 392 918 χεάνασσαν
421 863 505 904 κτλ.
542 864 625 915 (ep.
660 864 714 915 e).

140 931 255 981 Ergo
295 930 339 968 in
380 930 489 969 libro
529 928 624 981 περὶ
660 929 839 974 παλαιᾶς
876 933 1038 982 τρυφῆς
1075 932 1243 970 tantum
1282 931 1724 970 commemorabantur

88 995 274 1035 Platonis
302 995 345 1034 in
374 1007 556 1046 puerum
583 996 733 1035 Astera
763 998 890 1045 atque
918 996 962 1034 in
987 997 1172 1045 puellam
1199 997 1535 1036 Archeanassam
1557 1008 1724 1036 amores

30 1107 38 1122 ‹
89 1059 234 1112 (φησίν
270 1090 278 1099 .
301 1090 309 1099 .
332 1091 340 1099 .
364 1091 373 1100 .
407 1059 709 1112 ἐρασθῆναι
740 1091 748 1100 .
772 1091 780 1100 .
803 1091 811 1100 .
835 1091 843 1100 .
879 1059 1079 1112 δηλοῦν
1109 1091 1117 1100 .
1141 1091 1149 1100 .
1172 1091 1180 1099 .
1205 1091 1213 1100 .
1247 1061 1408 1113 ἔχειν)
1445 1062 1723 1112 epigramma-

86 1127 213 1176 taque
236 1138 308 1166 eos
333 1127 589 1166 illustrantia
618 1126 685 1177 (a,
716 1126 762 1177 b,
794 1126 847 1177 e).
882 1127 1000 1165 Alius
1024 1128 1140 1177 fons,
1169 1128 1317 1176 procul
1340 1128 1470 1166 dubio
1494 1128 1626 1177 idem,
1657 1127 1724 1166 cui

86 1190 208 1230 debet
232 1187 317 1231 tria
346 1192 494 1231 ultima
525 1192 631 1231 varii
661 1193 902 1242 argumenti
932 1193 1239 1243 epigrammata
1269 1193 1458 1232 Platonis
1490 1191 1639 1243 (vj—l),
1673 1213 1725 1219 -—

86 1266 188 1307 ergo
217 1257 383 1297 Corona
413 1258 647 1308 Meleagrea
676 1279 741 1307 —,
776 1258 952 1308 Diogeni
983 1258 1326 1297 subministravit
1354 1270 1449 1308 epp.
1474 1259 1516 1296 in
1548 1258 1723 1296 Dionem

7 1317 35 1378 f?
89 1319 146 1372 (c)
181 1323 222 1361 et
250 1322 293 1360 in
323 1322 482 1362 Alexim
512 1324 640 1372 atque
670 1323 911 1362 Phaedrum
945 1322 1028 1373 (d).
1076 1323 1141 1361 Ex
1169 1323 1315 1362 eadem
1346 1326 1485 1362 autem
1516 1324 1723 1374 epigram-

26 1411 37 1430 x
86 1387 247 1426 matum
285 1388 527 1427 collectione
563 1388 764 1437 petivisse
801 1400 898 1427 eum
937 1388 1156 1438 probabile
1190 1391 1253 1427 est
1282 1389 1362 1427 tria
1392 1401 1485 1438 epp.
1519 1389 1723 1428 amatoria

87 1451 205 1491 varia
245 1451 406 1503 (f—lz),
448 1465 558 1503 quae
595 1453 810 1502 prioribus
848 1453 1038 1502 quinque
1072 1453 1396 1503 subiunguntur
1425 1454 1475 1492 iis
1505 1454 1723 1503 particulis

27 1515 43 1548 ἒ
89 1514 234 1567 (ἀλλὰ
273 1516 383 1568 καὶ,
430 1519 482 1558 cf.
516 1530 648 1568 supra
686 1514 814 1557 ἀλλὰ
854 1517 942 1557 καὶ
980 1517 1184 1568 Δίωνος),
1233 1519 1390 1568 quibus
1426 1519 1633 1569 Diogenes
1662 1519 1723 1557 uti

37 1631 39 1634 .
88 1582 213 1633 solet,
241 1580 775 1623 cum'animadversionem
802 1584 1121 1634 praecedentem
1147 1596 1257 1623 nova
1281 1587 1420 1634 auget.
1454 1585 1605 1633 Itaque
1631 1584 1723 1622 Dio-

21 1637 34 1676 ,'
87 1658 215 1698 genes
238 1660 290 1687 ex
316 1649 482 1689 Corona
507 1650 651 1688 hausit
675 1651 769 1688 octo
793 1661 905 1699 epp.‚
931 1651 1067 1688 cetera
1094 1648 1160 1699 (a,
1190 1649 1235 1698 I),
1266 1648 1304 1699 e)
1326 1662 1378 1688 ex
1399 1650 1718 1699 Ps.-Aristippo.

8 1750 16 1770 ἲ
37 1716 46 1722 ’
141 1712 207 1751 Ex
235 1713 301 1752 his
331 1714 526 1753 undecim
556 1715 875 1764 epigrammatis
905 1714 1198 1764 Cephalas,
1232 1716 1278 1753 ut
1301 1715 1354 1753 ad
1376 1715 1551 1753 alteram
1574 1726 1723 1764 quaes-

8 1777 34 1812 ss.
87 1777 243 1818 tionem
267 1781 501 1829 transeam,
535 1780 621 1818 duo
645 1781 812 1819 tantum
832 1780 875 1818 in
898 1780 1221 1818 Laertianorum
1240 1780 1595 1830 epigrammatum
1617 1780 1725 1819 serie

86 1843 307 1894 principali
350 1843 454 1883 VII.v
486 1844 672 1884 83—130
710 1845 957 1884 collocavit:
1001 1856 1096 1894 epp.
1131 1856 1152 1884 ο
1188 1846 1228 1883 et
1267 1844 1298 1884 d
1332 1862 1383 1877 -—--
1418 1846 1512 1884 VII.
1546 1845 1595 1884 99
1635 1857 1721 1895 sq.;

8 1899 37 1959 ζίῗ
86 1910 222 1948 cetera
251 1921 326 1959 per
351 1910 649 1960 Anthologiam
675 1910 912 1949 Palatinam
938 1911 1140 1960 leguntur
1160 1911 1373 1960 dispersa:
1404 1922 1497 1960 epp.
1519 1922 1548 1949 a
1567 1913 1606 1949 et
1627 1910 1652 1949 I)
1673 1928 1724 1942 =

85 1972 179 2013 vn.
213 1973 290 2014 669
317 1986 406 2024 sq.;
435 1986 500 2025 ep.
534 1987 557 2015 e
584 1992 636 2008 =
664 1976 757 2014 VII.
783 1975 880 2023 217;
911 1987 1005 2025 epp.
1033 1975 1136 2015 1⁰—h
1165 1993 1217 2008 =
1246 1977 1291 2014 V.
1324 1976 1372 2014 77
1403 1987 1519 2025 sqq.;
1550 1987 1614 2025 ep.
1636 1974 1654 2014 i
1674 1993 1724 2007 =

7 2044 46 2092 ⁴3,
86 2037 179 2078 VII.
213 2038 309 2088 259;
353 2051 447 2090 epp.
480 2039 510 2079 lc
543 2042 582 2079 et
620 2039 715 2079 l:
743 2041 815 2079 IX.
849 2040 900 2079 39
936 2042 976 2079 et
1011 2041 1075 2079 44.
1123 2041 1231 2090 Epp.
1266 2052 1288 2080 e
1321 2043 1360 2079 et
1396 2039 1414 2079 z·
1447 2042 1612 2079 constat
1649 2040 1718 2090 (cf.

6 2095 37 2152 Ξ
89 2102 364 2143 Stadtmiiller
392 2103 437 2144 11
466 2117 506 2155 p.
536 2105 696 2155 LXIII)
729 2106 772 2144 in
793 2106 1092 2156 Anthologiam
1113 2118 1163 2144 ex
1186 2106 1352 2146 Corona
1373 2107 1607 2156 Meleagrea
1630 2117 1722 2155 pro—

4 2152 43 2225 {j
86 2171 240 2220 pagata
274 2181 386 2219 esse;
427 2182 526 2210 nam
556 2172 789 2220 utrumque
818 2171 973 2221 legitur
1002 2171 1045 2209 in
1076 2172 1315 2222 fragmento
1345 2172 1602 2221 Meleagreo,
1646 2171 1724 2209 hoc

87 2233 131 2273 in
167 2234 275 2274 serie
311 2235 354 2273 in
393 2235 509 2274 viros
545 2236 676 2274 fortes
705 2236 890 2274 duorum
920 2237 1087 2275 tantum
1116 2237 1471 2286 epigrammatum
1500 2236 1723 2275 intervallo

86 2298 342 2349 diremptum
379 2300 435 2339 ab
472 2301 604 2340 altero
643 2301 948 2350 epigrammate
987 2301 1174 2340 Platonis
1210 2302 1252 2340 in
1289 2302 1577 2351 Eretrienses,
1620 2301 1722 2340 illud

24 2353 41 2386 ·⁵
86 2363 128 2403 in
166 2364 284 2404 initio
322 2366 484 2404 ordinis
519 2366 561 2404 in
592 2360 792 2405 mulieres
821 2365 1055 2416 Asclepiadi
1086 2378 1162 2405 nec
1192 2378 1292 2405 vero
1323 2367 1485 2406 Platoni
1514 2367 1722 2406 tributum

18 2432 45 2478 J
86 2427 213 2479 idque
240 2430 283 2469 in
313 2432 430 2470 textu
460 2431 718 2480 discrepanti
748 2443 771 2470 a
803 2431 1026 2470 Laertiano
1058 2431 1156 2482 (e.g.
1188 2444 1226 2470 v.
1257 2432 1280 2470 2
1312 2433 1411 2471 D.L.
1437 2431 1549 2478 ἕζετο
1575 2429 1724 2483 δριμὺς

23 2492 39 2533 J
86 2491 216 2546 ἔρως,
246 2495 334 2535 Pal.
360 2494 384 2534 ὁ
410 2493 564 2547 γλυκὺς
587 2495 688 2543 ἕζετ’
718 2495 846 2547 ἔρως)
863 2496 931 2546 82).
966 2497 1168 2546 Reliquae
1190 2497 1545 2547 epigrammatum
1566 2509 1724 2547 parvae

2 2570 38 2597 22·
88 2558 217 2598 series
250 2562 336 2600 tres
366 2560 500 2611 a-b,
541 2560 664 2611 f—h,
707 2561 828 2612 lc—l,
872 2564 1017 2601 utrum
1047 2574 1071 2601 a
1102 2563 1286 2613 Cephala
1315 2575 1365 2602 ex
1397 2564 1499 2603 Vitis
1529 2566 1724 2613 sumptae

87 2634 141 2663 an
170 2635 222 2663 ex
250 2625 416 2665 Corona
446 2629 704 2677 propagatae
733 2627 839 2677 sint,
873 2627 1012 2676 dirimi
1043 2628 1189 2677 nequit
1209 2627 1277 2679 83).

141 2687 218 2730 Sat
246 2692 386 2730 autem
416 2691 495 2730 erit
523 2692 900 2742 epigrammatum,
943 2704 1128 2742 quorum
1157 2693 1276 2744 origo
1305 2690 1503 2733 constitui
1534 2696 1718 2744 poterat,

130 2806 178 2848 82)
223 2808 388 2842 Platonis
406 2820 550 2853 quoque
571 2815 625 2844 est
641 2812 769 2845 Athen.
788 2812 879 2845 xiil.
896 2811 962 2844 589
978 2823 995 2844 c
1019 2812 1077 2845 ubi
1096 2822 1123 2845 ν.
1143 2812 1164 2844 ‘2
1179 2809 1306 2853 πικρὸς
1323 2811 1457 2844 ἔπεστιν
1474 2812 1565 2853 ἔρως
1585 2814 1721 2853 legitur.

41 2865 46 2898 J
89 2861 237 2898 Carmen
272 2866 349 2898 iure
381 2876 403 2899 a
436 2865 591 2908 Cephalo.
624 2868 879 2910 sepulcmlibus
915 2868 1087 2901 insertum
1124 2879 1219 2909 csse,
1254 2870 1334 2902 licet
1370 2870 1542 2910 Aristippo
1580 2869 1721 2909 Diogeni

30 2936 43 2973 ¹-
89 2918 268 2954 Athenaeo
291 2923 504 2955 amatorium
529 2924 592 2964 sit,
625 2924 742 2957 docuit
766 2925 1000 2958 Stadtmiiller
1024 2925 1065 2957 ad
1092 2925 1158 2957 ΑΡ.
1185 2926 1229 2957 Ι.1.
1255 2930 1290 2957 ct
1317 2937 1343 2966 μ.
1373 2925 1499 2957 LXXV.

95 3007 97 3011 .
131 2974 178 3016 ⁸⁸)
223 2976 381 3010 Gemella
405 2989 480 3021 epp.
505 2990 527 3012 α
551 2983 586 3012 et
612 2981 650 3021 b,
679 2991 831 3023 quorum
857 2981 957 3013 alteri
983 2981 1154 3013 amatorio
1179 2982 1407 3021 subiungitur
1430 2982 1578 3013 alten-um
1605 2982 1721 3021 scpul-

7 3062 9 3065 .
88 3032 197 3073 eruic,
220 3033 410 3076 Cephalum
435 3034 598 3069 dirimere
623 3036 775 3069 noluisse
800 3040 907 3078 atque
932 3036 1009 3068 ideo
1037 3040 1229 3078 utrumque
1255 3037 1288 3068 in
1316 3036 1443 3079 librum
1470 3035 1524 3067 Vll
1544 3036 1722 3075 (sepulcr.)

39 3094 64 3141 μ’
89 3089 255 3131 recepisse
286 3091 517 3124 manifestum
549 3095 604 3125 est
633 3092 692 3133 (cf.
716 3091 733 3133 S
758 3091 800 3125 73
835 3102 866 3124 n.
893 3091 959 3131 74).
996 3092 1057 3132 At,
1090 3092 1323 3133 ‹liuucsive1·is,
1356 3102 1418 3124 cui·
1445 3093 1528 3124 llaec
1552 3102 1627 3133 epp.
1654 3102 1720 3124 non
