2072 3568
115 882 117 884 ,
154 861 227 902 *18

156 1122 228 1163 *19

156 1187 228 1228 *2⁰

43 1273 83 1312 ,κ
159 1252 246 1306 [18]

44 1391 75 1519 ’ἓ
158 1447 282 1502 [58]-

43 1795 73 1863 ἰ·
161 1840 248 1895 [21]

332 3025 337 3119 Ι

411 339 486 379 134

411 405 488 445 168
539 389 543 392 ’

367 501 369 503 >
411 470 486 510 179

412 534 488 574 132

413 861 489 901 180

413 1122 489 1162 183

413 1187 488 1228 184

349 1263 353 1267 ’
414 1253 490 1293 180

414 1450 491 1490 128

416 1838 491 1883 129

381 2232 394 2237 Ἀ
417 2235 493 2276 129

419 2366 494 2405 126

348 2443 391 2482 p.
416 2431 494 2470 515

444 2756 493 2797 91

445 2886 496 2926 97

445 2950 497 2991 99

422 3015 499 3056 100

422 3079 498 3120 108

683 338 761 378 215

684 403 763 443 216

683 469 762 508 217

685 534 763 574 343

592 862 687 902 VII.
712 861 764 900 20

713 1124 764 1162 24

713 1189 765 1229 25

719 2234 767 2274 77

693 2365 767 2404 177

694 2429 769 2469 187

692 2755 771 2795 248

692 2821 770 2861 249

693 2885 772 2926 250

693 2950 768 2990 251

694 3015 772 3055 253

694 3080 771 3120 254

873 211 949 252 139
1603 208 1629 261 g
1659 209 1725 250 84.

875 337 922 376 A.

875 402 923 442 A.

876 467 922 507 A.

877 531 1036 585 ἄδηλον
1077 533 1124 572 A.
1172 533 1250 582 Ep.
1293 543 1509 581 nusquam
1550 530 1728 570 Simoni-

904 598 971 637 dis
1009 598 1180 637 nomine
1217 598 1416 636 ornatum
1453 608 1505 635 ex
1533 595 1730 634 Aristidei

902 663 982 703 loci
1041 663 1094 702 de
1152 663 1378 713 paraphth.
1437 662 1545 700 falsa
1602 662 1729 700 inter-

801 719 806 727 *
869 729 1138 779 *pretatione
1193 727 1447 768 Simonideis
1502 727 1725 766 insertum.

904 794 968 834 Of.
1003 793 1029 845 ἓ
1061 795 1125 834 55.

876 857 1124 911 Σιμωνίδου
1150 860 1183 898 Α
1210 859 1280 910 (=
1306 857 1447 909 Plan.)
1462 889 1472 908 ,
1506 858 1729 908 repetitum

904 938 929 966 a
959 926 991 966 C
1019 926 1064 964 in
1092 926 1285 976 margine
1312 925 1388 964 inf.
1414 936 1510 975 pag.
1537 924 1627 963 eod.
1653 923 1730 962 213

904 993 1000 1042 post
1028 1003 1094 1041 ep.
1122 991 1217 1030 VII.
1246 991 1363 1040 37‚5‚
1396 990 1469 1029 ubi
1499 987 1731 1029 ἀδέσποτον

905 1057 1071 1097 dieitur.
1105 1056 1169 1097 Of.
1204 1055 1230 1108 ἓ
1260 1056 1325 1095 93.

878 1123 927 1163 Α.

878 1189 925 1228 Α.

879 1251 1112 1293 ἀδέσποτον
1127 1253 1173 1292 G.
1197 1253 1250 1291 In
1270 1263 1405 1302 marg.
1425 1251 1500 1289 inf.
1520 1262 1617 1300 pag.
1637 1251 1727 1289 cod.

905 1319 983 1358 213
1026 1319 1122 1368 post
1162 1329 1226 1368 ep.
1255 1317 1350 1356 VII.
1383 1317 1492 1366 37,5.
1552 1315 1644 1355 vid.
1677 1315 1731 1355 ad

906 1384 1000 1423 VII.
1033 1383 1097 1423 20.

880 1451 932 1489 In
969 1461 1105 1500 marg.
1138 1461 1233 1499 sup.
1266 1460 1363 1499 pag.
1397 1447 1487 1487 cod.
1521 1446 1598 1486 219
1634 1448 1732 1486 ante

906 1515 1093 1565 ep.‘VII.
1128 1514 1176 1554 75
1206 1525 1230 1553 a
1260 1513 1292 1554 G
1331 1513 1537 1563 scriptum
1577 1511 1731 1562 (Simo-

907 1578 1062 1631 nidis),
1104 1579 1148 1618 in
1186 1581 1304 1618 textu
1342 1578 1497 1628 legitur
1525 1577 1620 1616 VII.
1654 1577 1731 1616 516

906 1647 979 1685 τοῦ
1008 1643 1138 1684 αὐτοῦ
1168 1645 1200 1685 G
1232 1644 1302 1695 (-—··
1329 1641 1621 1695 Σιμωνίδου),
1659 1642 1732 1681 ubi

908 1711 999 1750 vid.
1021 1711 1244 1749 Praeterea
1273 1710 1325 1749 cf.
1353 1721 1418 1759 ep.
1448 1720 1535 1758 seq.
1571 1709 1630 1747 De
1653 1707 1733 1746 hoe

907 1776 1066 1816 scholio
1095 1775 1319 1826 marginali
1349 1775 1402 1814 cf.
1438 1773 1463 1826 ἓ
1495 1774 1559 1814 58.

881 1842 982 1882 Post
1018 1853 1083 1892 ep.
1121 1840 1313 1891 praeced.
1346 1840 1389 1878 in
1418 1839 1564 1878 eodem
1593 1850 1728 1888 marg.

907 1919 1004 1958 pag.
1038 1907 1128 1946 cod.
1161 1905 1239 1945 219
1268 1917 1292 1944 a
1328 1905 1360 1945 O
1395 1905 1617 1944 exaratum
1649 1902 1732 1953 (Si-

907 1970 1130 2022 monidis),
1163 1972 1206 2010 in
1235 1971 1383 2010 eodem
1411 1981 1508 2020 pag.
1541 1969 1584 2008 in
1614 1970 1733 2008 textu

906 2038 1001 2077 VII.
1050 2037 1099 2077 77
1145 2037 1301 2087 legitur
1347 2035 1401 2075 ab
1446 2035 1479 2073 A
1528 2034 1733 2083 scriptum

910 2101 1175 2156 (Σιμωνίδου
1203 2100 1280 2153 A),
1315 2101 1399 2140 vid.
1423 2112 1517 2150 epp.
1538 2099 1728 2150 praeced.

906 2171 947 2208 et
975 2180 1063 2219 seq.

880 2234 927 2274 A.
974 2234 1026 2273 In
1064 2245 1199 2284 marg.
1233 2244 1327 2282 sup.
1361 2231 1549 2270 eiusdem
1579 2242 1676 2280 pag.
1709 2241 1733 2269 a

909 2299 941 2339 C
969 2299 1180 2338 iteratum.
1219 2297 1309 2336 vid.
1339 2308 1403 2346 ep.
1432 2295 1702 2346 praecedens.

882 2429 955 2468 τοῦ
979 2425 1109 2467 αὐτοῦ
1136 2425 1168 2466 C
1195 2425 1265 2476 (=
1295 2423 1504 2464 Φιλίππου
1529 2436 1594 2474 ep.
1617 2423 1732 2474 186);

909 2495 952 2533 at
990 2492 1211 2543 repetitum
1247 2491 1341 2530 VII.
1374 2488 1472 2530 344*
1504 2489 1596 2535 (ubi
1626 2487 1732 2539 vid.)

908 2561 982 2598 τοῦ
1020 2556 1150 2597 αὐτοῦ
1191 2557 1223 2597 C
1261 2558 1325 2595 est
1363 2553 1610 2606 Σιμωνίδου
1648 2554 1730 2605 (ep.

909 2624 986 2677 344
1008 2621 1076 2674 α);
1108 2621 1290 2662 Planudi
1320 2620 1514 2660 neutrius
1542 2621 1627 2670 est,
1661 2619 1734 2658 sed

910 2687 1146 2730 Λεωνίδου.
1190 2687 1252 2728 cf.
1289 2685 1314 2737 ἓ
1345 2678 1410 2726 92.

885 2755 932 3119 999999
