2072 3568
324 246 425 296 Cap.
460 246 528 285 lv.
1102 247 1181 287 230

322 371 419 410 talia
471 383 564 421 epp.
611 383 824 421 anonyma
874 372 1073 412 videntur
1118 385 1213 413 csse
1257 385 1352 425 epp.
1404 374 1507 425 132,
1563 375 1642 426 90,
1699 375 1803 429 135,
1858 375 1961 428 1393

322 448 431 485 quae
472 436 677 475 Simonidi
716 448 739 475 a
782 436 1102 476 Schneidewino
1138 442 1268 488 atque
1305 438 1487 490 Bergkio
1514 440 1725 482 accensita
1753 443 1858 483 suut
1885 441 1959 494 (el.

324 502 349 550 ,ξ
385 501 455 539 134
488 500 589 550 sq.).
2057 531 2062 536 2

375 568 644 617 Quamquam
676 568 883 607 incertum
912 571 996 619 est,
1038 581 1167 619 quam
1201 569 1397 621 Sylloges
1426 574 1589 621 partem
1618 571 1662 612 iu
1691 572 1760 613 his
1786 572 1962 626 triginh

321 634 523 681 quattuor
551 644 645 682 epp.
677 632 933 682 habeamus,
968 637 1107 673 tamen
1128 647 1179 674 ex
1202 635 1252 674 iis
1272 635 1544 685 aliquatenus
1563 637 1778 679 aestimari
1797 639 1959 691 potest,

321 697 488 746 qualem
510 697 714 737 Collector
736 699 955 738 navaverit
975 711 1147 749 operam
1167 701 1208 739 in
1235 700 1406 751 Sylloge
1426 701 1669 743 Simoniden
1689 702 1961 745 adornanda:

321 762 495 813 scilicet,
529 763 686 812 quibus
717 775 824 802 usus
854 764 907 803 sit
937 764 1127 804 fontibus
1158 765 1206 817 (ξ
1241 765 1357 816 134),
1390 767 1605 817 quomodo
1625 770 1824 809 versutus
1841 768 1960 811 sitin

319 828 638 877 epigrammatis
666 830 893 879 anonymis
925 830 1167 870 Simoniden
1194 832 1445 872 auctoritate
1475 833 1741 873 instruendis
1761 832 1811 887 (ξ
1837 833 1957 887 135),

319 893 486 943 qualem
518 894 649 933 textui
679 895 921 934 adhibuerit
950 907 1097 936 curam
1130 895 1178 948 (ἓ
1212 897 1287 938 136
1316 897 1449 948 sqq.).

375 958 401 1008 ἓ
446 959 531 998 134.
598 958 776 1007 Qailms
811 959 1020 1001 fontibus
1063 960 1286 1002 Collector
1320 975 1432 1003 usic-s
1466 963 1541 1004 sil.
1589 965 1681 1005 Iam
1717 963 1746 1018 5
1773 964 1826 1006 34
1855 965 1961 1007 vidi·

321 1035 416 1062 mus
445 1025 646 1064 arcessita
667 1037 762 1065 esse
780 1038 874 1076 epp.
899 1039 923 1066 a
945 1027 1175 1067 Collectore
1194 1040 1245 1067 ex
1268 1029 1459 1069 fontibus
1478 1030 1708 1071 litterariis.
1739 1030 1960 1078 Quantum

320 1089 452 1127 videri
491 1092 650 1140 potest,
693 1091 960 1140 potissimum
998 1093 1100 1132 adiit
1138 1094 1362 1134 historicos
1400 1096 1652 1147 scriptores,
1693 1096 1959 1138 Herodotum

321 1154 432 1204 (epp.
458 1155 836 1206 Thcrmopylensia
865 1159 905 1196 et
934 1158 1117 1197 fortasse
1145 1171 1211 1209 ep.
1244 1159 1352 1210 132),
1381 1161 1672 1212 Thucydidem
1703 1160 1788 1214 (ep.
1815 1162 1893 1204 138
1917 1165 1960 1204 et

322 1219 430 1268 111),
461 1220 686 1270 praecipue
712 1234 811 1261 vero
837 1223 1071 1272 Ephorum.
1106 1224 1183 1264 Cui
1204 1225 1327 1264 debet
1346 1238 1442 1276 epp.
1461 1227 1653 1277 quinque
1672 1227 1956 1280 Corinthiaco,

321 1284 367 1334 (ἓ
399 1285 493 1335 ὃὸ),
526 1298 591 1336 ep.
622 1287 867 1327 Plataeense
899 1288 974 1327 140
1005 1288 1052 1339 (ξ
1083 1289 1178 1339 50),
1211 1302 1276 1340 ep.
1305 1291 1477 1331 Gelonis
1509 1292 1580 1332 111
1614 1291 1663 1343 (ἕ
1694 1291 1788 1344 76),
1819 1293 1960 1346 Eury·
2065 1330 2072 1354 ⁴:

320 1351 580 1390 medontium
610 1364 674 1401 ep.
708 1353 782 1392 142
814 1352 861 1404 (ἓ
893 1352 962 1403 60)
993 1356 1033 1393 et
1062 1354 1245 1394 fortasse
1273 1368 1324 1395 ex
1353 1368 1402 1395 eo
1425 1368 1597 1407 quoque
1617 1358 1772 1410 recepit
1788 1358 1958 1410 epp-sd
2061 1358 2072 1397 κ’

318 1415 474 1454 benum
506 1417 714 1456 Medicum
745 1419 997 1467 pertinentia
1027 1420 1098 1469 90,
1135 1420 1229 1470 135,
1268 1421 1341 1461 139
1373 1420 1419 1472 (ξ
1454 1421 1561 1472 133).
1595 1422 1710 1463 Alios
1728 1423 1959 1476 scriptores

317 1481 509 1520 adhibuit
538 1493 647 1531 quos
678 1485 876 1522 novimus
906 1485 1052 1524 hosce:
1082 1485 1368 1537 Aristotelem,
1401 1487 1517 1538 apud
1545 1499 1672 1538 quem
1699 1500 1766 1539 ep.
1789 1486 1957 1541 Thucy·

317 1545 486 1585 dideum
521 1547 591 1586 111
624 1560 720 1587 cum
749 1549 981 1588 Simonidis
1001 1551 1251 1591 auctoritate
1271 1552 1433 1592 invenit
1451 1555 1492 1592 et
1511 1565 1576 1603 ep.
1598 1553 1675 1594 163
1693 1565 1957 1606 anonymum

319 1610 365 1662 (ἓ
405 1611 495 1661 37);
537 1613 887 1663 philosophorum
927 1615 1211 1666 biographum
1248 1618 1498 1667 scriptorem
1526 1618 1734 1670 aliquem,
1774 1619 1959 1661 fortasse

318 1677 587 1717 Heraclidam
650 1680 895 1730 Ponticum,
960 1681 1084 1720 cuius
1136 1682 1247 1721 vitae
1304 1683 1608 1734 Empedocleae
1661 1684 1809 1725 debuit
1856 1696 1952 1737 φρ.

317 1742 358 1780 in
383 1743 639 1783 Pausaniam
661 1747 789 1794 atque
809 1745 851 1784 in
873 1746 1080 1785 Acronem
1102 1747 1287 1787 medicos
1309 1749 1550 1799 Empedocli
1571 1750 1776 1790 attributa
1797 1748 1846 1803 (fi
1862 1750 1955 1802 75);

317 1807 685 1859 Thrasymachum
726 1811 1057 1851 Chalcedonium
1094 1813 1160 1851 vel
1197 1816 1412 1853 auctorem
1451 1815 1487 1853 ei
1523 1818 1776 1866 cognatum,
1815 1817 1891 1867 qui
1916 1815 1956 1856 ei

317 1873 606 1922 suppeditavit
643 1887 708 1925 ep.
749 1875 825 1915 169
863 1876 905 1915 in
946 1877 1280 1918 Timocreontem
1321 1879 1532 1919 Rhodium
1565 1879 1612 1932 (ξ
1644 1879 1735 1931 70);
1772 1881 1957 1923 romano

315 1949 486 1987 quoque
515 1939 876 1980 Commentarium
906 1942 1089 1992 aliquem
1122 1943 1416 1994 Pindaricum,
1453 1957 1505 1984 ex
1533 1957 1620 1995 quo
1647 1945 1955 1997 epigrammata

314 2003 491 2052 epinicia
524 2004 599 2044 166
627 2007 667 2044 et
700 2006 773 2045 149
803 2006 845 2045 in
877 2019 1033 2056 pueros
1061 2008 1287 2059 Aeginetas
1311 2010 1587 2050 arcessivisse
1607 2011 1776 2051 videtur
1796 2010 1844 2063 (5
1865 2010 1951 2063 77).
1983 2032 1994 2050 2
2067 2008 2072 2048 ἶ

316 2068 375 2107 De
402 2069 494 2107 eius
523 2070 638 2109 fonte
665 2064 1044 2122 epigrammatum,
1077 2085 1261 2123 quorum
1283 2075 1453 2114 traditio
1473 2075 1506 2114 A
1527 2076 1672 2126 periit,
1702 2077 1956 2128 plerumque

315 2133 417 2172 nihil
456 2136 655 2174 constitui
694 2138 843 2186 potest.
893 2138 1000 2176 Fieri
1037 2150 1164 2188 posse
1197 2139 1381 2189 denique
1410 2141 1554 2180 monui
1586 2140 1613 2192 ἓ
1642 2141 1693 2181 34
1722 2153 1765 2181 n.
1793 2141 1869 2193 48,
1905 2144 1955 2182 ut

315 2198 520 2239 Collector
549 2212 683 2250 pauca
713 2214 807 2252 epp.
840 2215 891 2242 ex
921 2203 1060 2253 lapide
1087 2204 1373 2255 descripserit.

370 2263 395 2314 ἓ
429 2264 516 2304 135.
583 2265 734 2315 Quam
763 2267 994 2308 rationem
1020 2268 1242 2310 Collector
1262 2269 1308 2310 in
1331 2270 1687 2322 epiyrammatis
1704 2270 1956 2325 anonymis

314 2326 552 2369 Simonidi
579 2330 882 2383 assiynandis
908 2336 1089 2374 secutus
1117 2346 1210 2376 esse
1236 2335 1463 2376 videatur.
1496 2337 1619 2383 Quod
1649 2338 1859 2389 sciamus,
1885 2338 1954 2379 bis

314 2396 479 2433 tantum
521 2397 635 2446 apud
679 2398 908 2448 scriptores
951 2412 1015 2450 ep.
1059 2412 1155 2439 cum
1202 2401 1433 2441 Simonidis
1472 2403 1642 2442 nomine
1677 2403 1950 2444 coniunctum

314 2458 473 2498 invenit
513 2462 737 2501 Collector:
781 2464 1019 2504 Herodoteo
1057 2466 1148 2505 loco
1185 2467 1446 2506 conclamato
1475 2468 1568 2506 VII.
1601 2468 1681 2508 228
1710 2467 1952 2508 Simonides

313 2523 531 2564 dicebatur
556 2527 774 2577 Megistiac
796 2529 1086 2580 inscriptionis
1108 2532 1346 2582 dedicator,
1377 2544 1430 2571 ex
1454 2533 1577 2572 cuius
1600 2532 1678 2573 loci
1702 2533 1953 2574 auctoritate
2015 2535 2018 2538 ⁴

313 2590 353 2626 et
391 2589 468 2628 hoc
505 2602 570 2640 cp.
602 2595 642 2630 et
671 2595 807 2632 cetera
837 2594 923 2633 duo
952 2596 1330 2647 Thermopylensia
1359 2609 1455 2647 epp.
1491 2598 1698 2637 Simonidi
1726 2597 1947 2649 ascripsit,

313 2655 440 2702 atque
468 2656 582 2705 apud
611 2657 874 2698 Aristotelem
907 2661 1027 2700 Rhet.
1062 2662 1094 2700 1.
1128 2662 1166 2701 9.
1199 2662 1249 2701 31
1274 2663 1513 2702 Simonides
1533 2665 1682 2703 auctor
1701 2663 1952 2704 nudemur
2042 2643 2072 2694 ,i

312 2718 630 2768 epigrammatis
676 2722 746 2761 111
792 2724 834 2762 in
880 2725 1181 2777 Archedicam,
1227 2740 1339 2778 quae
1378 2740 1446 2768 res
1483 2729 1754 2769 collectorem
1794 2729 1967 2780 movit‚·

313 2785 358 2821 ut
397 2796 567 2834 quoque
603 2799 668 2836 ep.
706 2800 967 2839 anonymum
1008 2793 1050 2830 in
1090 2793 1410 2843 Olympionicen
1449 2794 1662 2843 quendam
1695 2794 1792 2845 163,
1832 2794 1949 2845 quod

313 2850 606 2901 praecederet,
653 2852 694 2891 in
741 2854 940 2905 Syllogen
986 2858 1186 2907 reciperet
1232 2858 1279 2909 (ξ
1322 2859 1407 2908 37).
1469 2859 1691 2898 Praeterea
1732 2859 1775 2898 in
1817 2859 1948 2900 trium
2026 2891 2033 2895 ,

311 2913 665 2963 epigrammatum
705 2920 821 2958 textu
862 2920 955 2969 ipso
992 2922 1223 2961 Simonidis
1262 2935 1415 2962 nomen
1444 2923 1623 2963 offendit
1651 2923 1858 2964 Collector
1883 2935 1944 2964 se.
1968 2922 1994 2955 ’Τ

312 2977 352 3015 in
384 2990 478 3028 epp.
506 2980 739 3032 choregicis
771 2984 845 3023 145
873 2988 913 3023 et
946 2986 1020 3025 147
1049 2989 1178 3036 atque
1197 2988 1239 3027 in
1260 2999 1325 3038 ep.
1343 2988 1397 3027 de
1415 2989 1581 3027 somnio
1598 2988 1830 3028 Simonidis
1850 2988 1946 3038 1293

311 3053 421 3091 quae
459 3055 526 3083 res
563 3046 599 3083 ei
638 3050 906 3096 persuasisse
943 3051 1132 3101 videtur,
1175 3055 1221 3091 ut
1257 3065 1307 3092 ea
1335 3065 1430 3103 epp.
1461 3053 1667 3093 Simonidi
1698 3046 1942 3094 vindicaret.

313 3106 527 3148 Incertum
559 3122 660 3150 vero
687 3115 774 3163 est,
806 3126 859 3152 ex
887 3116 1046 3164 quibus
1075 3117 1266 3156 fontibus
1294 3129 1343 3157 ea
1372 3118 1576 3158 hauserit.
