2072 3568
908 218 984 260 147
1531 220 1557 273 g
1587 222 1758 263 86--88,

59 385 66 392 .
179 343 308 383 Tituli
335 344 474 382 autem
504 343 563 382 illi
591 343 634 382 in
665 343 875 393 Cephalae
902 345 1018 384 fonte
1045 345 1159 396 (Cor.
1181 344 1297 396 Mel.)
1325 358 1410 384 non
1435 344 1597 399 ἄδηλον,
1621 346 1762 397 (ἀδέσ-

61 403 86 411 ”
125 407 273 459 ποῖον)
312 408 447 447 fuisse
483 409 696 447 videntur.
742 409 866 454 Quod
903 410 1015 449 enim
1053 412 1233 460 uterque
1271 411 1420 449 titulus
1459 413 1671 461 ascriptus
1700 415 1763 452 est

46 466 67 492 '3
126 474 441 525 epigrammati,
491 474 607 523 quod
654 472 947 513 Dioscoridis
991 476 1253 525 epigramma
1299 476 1343 514 in
1390 477 1536 516 eodem
1584 490 1763 517 versans

51 553 64 585 ff
126 541 378 590 argumento
412 539 588 589 excipit,
629 539 672 577 id
710 550 892 589 arguere
929 540 1032 578 mihi
1071 541 1239 580 videtur
1273 542 1532 592 Meleagrum
1562 545 1761 582 neutrum

47 592 53 634 ²]
125 605 304 644 alterum
329 616 394 654 ep.
417 604 590 654 proprio
614 610 793 643 ornasse
816 605 957 654 titulo,
987 606 1061 644 sed
1086 606 1380 645 continuatum
1406 608 1593 646 voluisse
1618 611 1764 657 poetae

8 674 11 681 ’
46 657 65 670 ⁶
125 669 442 720 epigrammatis
457 669 761 718 praecedentis.
786 670 957 726 Iffostea,
982 672 1024 709 at
1040 673 1138 709 ante
1154 671 1402 721 Cephalam‚
1424 673 1577 722 aliquis
1592 674 1762 712 titulum

8 743 11 786 ξ
54 754 63 762 ==
125 734 272 773 deesse
299 736 420 773 ratus
448 736 664 773 auctorem
698 733 934 773 ‘incertum'
966 735 1168 774 indicavit
1199 735 1270 786 (cf.
1306 735 1331 787 ξ
1363 737 1413 775 96
1444 749 1484 776 n.
1521 737 1630 788 143).
1671 739 1762 778 Hoc

45 796 67 834 L
124 799 168 838 in
196 799 451 849 anthologiis
480 810 786 849 saepenumero
815 811 898 838 usu
929 801 1098 839 venisse
1126 801 1210 839 iam
1237 801 1396 839 Jacobs
1426 802 1670 851 suspicatus
1698 806 1762 842 est

55 890 58 891 ν
127 862 231 915 (vid.
262 864 533 913 Weisshfiupl
562 876 602 914 p.
636 863 731 914 33),
764 864 816 903 ef.
852 865 1019 903 Heeker
1049 865 1209 904 comm.
1240 865 1298 904 11.
1330 866 1418 905 103.
1455 867 1524 906 sio
1551 879 1633 917 eg.
1662 880 1757 918 epp.

7 931 11 948 ³
43 946 66 982 j
96 923 99 925 ’
125 929 172 968 V.
206 929 282 968 199
319 941 383 979 sq.
417 931 519 968 sunt
547 927 705 981 ἄδηλα,
748 930 822 969 sed
852 931 944 968 sine
971 931 1057 969 ullo
1086 931 1216 969 dubio
1245 943 1339 970 cum
1372 932 1563 971 Heckero
1592 932 1650 971 II.
1687 933 1761 972 105

43 997 62 1041 ζ
124 994 312 1045 Hedylo‚
353 995 516 1038 auctori
554 995 873 1045 epigrammatis
909 996 956 1034 V.
993 995 1090 1045 198,
1132 998 1234 1034 sunt
1271 997 1546 1046 assignanda.
1593 998 1761 1037 Diosco-

7 1062 10 1107 ’ζ
124 1059 237 1098 rides
273 1059 404 1109 igitur
442 1072 527 1098 non
566 1060 704 1098 solum
743 1060 864 1110 prius
901 1062 1134 1110 utrumque
1162 1061 1340 1100 confecit
1368 1062 1652 1112 epigramma,
1687 1064 1760 1102 sed

123 1124 247 1178 etiam
271 1125 465 1164 alterum.
497 1125 668 1164 Solebat
693 1126 849 1164 scilicet
873 1126 1228 1175 epigrammatum
1254 1127 1435 1165 condere
1446 1126 1612 1177 parim·
1634 1139 1760 1177 quem

124 1200 283 1228 morem
324 1190 418 1229 aliis
460 1201 632 1239 quoque
672 1191 1030 1240 epigrammaticis
1072 1192 1205 1240 poetis
1248 1191 1382 1230 fuisse
1423 1203 1505 1241 e.g.
1539 1192 1761 1242 Antipatro

62 1290 67 1294 ,
126 1253 300 1294 Sidonio
340 1255 384 1293 in
427 1255 557 1294 altera
595 1255 637 1293 h.
676 1254 826 1294 comm.
866 1257 987 1304 parte
1025 1256 1276 1295 videbimus.
1324 1258 1465 1296 Unum
1505 1258 1760 1297 Dioscoridis

108 1319 477 1374 'epigrammatum
507 1332 586 1370 par
613 1321 827 1370 integrum
857 1322 1035 1360 aetatem
1064 1322 1160 1360 tulit
1189 1323 1317 1371 atque
1340 1322 1382 1360 id
1407 1324 1520 1361 extat
1545 1323 1587 1361 in
1614 1324 1760 1362 eodem

48 1383 69 1427 ζ
123 1384 359 1435 Meleagreo
387 1386 647 1435 fragmento,
680 1397 766 1435 quo
790 1386 992 1436 leguntur
1016 1398 1110 1436 epp.
1135 1387 1178 1425 in
1203 1387 1459 1436 Spartanos:
1491 1400 1548 1427 sc.
1569 1389 1661 1428 VII.
1682 1389 1760 1428 410

54 1459 56 1463 ’
122 1451 250 1499 atque
276 1450 353 1489 411
383 1451 427 1489 in
457 1451 724 1500 Thespidem.

174 1515 268 1554 Non
306 1516 437 1566 igitur
474 1516 695 1565 miramur,
737 1516 851 1565 quod
889 1516 943 1555 ab
981 1517 1111 1556 altera
1150 1519 1270 1567 parte
1306 1530 1402 1556 cum
1441 1519 1759 1568 epigrammatis

49 1621 58 1626 Α,
122 1579 217 1619 VII.
259 1580 334 1620 431
379 1582 471 1619 tum
509 1581 604 1619 VII.
645 1580 724 1620 352
766 1581 972 1620 rationem
1016 1582 1181 1621 dicendi
1222 1583 1506 1621 Dioscoridem
1544 1586 1758 1623 auctorem

64 1680 65 1683 ,
122 1645 265 1695 arguit
295 1644 399 1695 (qua
427 1645 481 1684 de
509 1657 555 1684 re
583 1646 667 1684 vid.
691 1646 762 1684 alt.
786 1646 827 1684 h.
852 1658 886 1685 c.
911 1645 989 1696 p.).
1023 1647 1104 1691 Qui
1134 1647 1186 1685 de
1214 1648 1306 1686 aliis
1335 1649 1518 1698 cogitent
1539 1649 1671 1698 poetis
1687 1648 1756 1699 112)

54 1699 72 1761 ’ζ
122 1720 257 1759 aeque
293 1712 439 1750 errant
475 1712 604 1760 atque
640 1711 690 1761 ii,
733 1712 806 1760 qui
844 1712 968 1750 aliam
1003 1712 1223 1751 titulorum
1254 1715 1403 1762 putent
1431 1725 1525 1751 esse
1553 1714 1758 1764 originem

121 1785 204 1825 ας.
239 1774 535 1826 Stadtmiiller,
577 1777 651 1825 qui
689 1775 735 1815 II
773 1788 812 1826 p.
843 1777 1074 1816 LXXXVII
1102 1789 1154 1816 ex
1183 1778 1318 1817 altero·
1343 1779 1572 1829 archetypo
1601 1777 1759 1830 ἄδηλον

121 1850 174 1879 ex
209 1841 345 1879 altero
384 1843 532 1891 poetae
573 1853 727 1880 nomen
770 1843 974 1881 haustum
1017 1854 1112 1881 esse
1148 1843 1382 1882 arbitratur
1407 1843 1491 1894 113).
1539 1844 1758 1884 Habemus

120 1905 326 1945 eiusmodi
365 1907 650 1946 coniecturam
685 1907 968 1958 Correctoris,
1010 1909 1179 1958 qualem
1208 1908 1291 1947 iam
1324 1907 1349 1960 ξ
1380 1909 1430 1948 85
1460 1909 1758 1948 animadverti-

8 2002 10 2007 .
52 1973 74 2024 ³.-
121 1980 219 2010 mus
246 1971 289 2010 in
318 1971 441 2010 titulo
468 1972 516 2011 V.
545 1972 594 2011 31
626 1969 786 2024 ἄδηλον
814 1973 847 2011 Α
876 1972 916 2012 οἶ
945 1967 990 2012 δὲ·
1019 1971 1244 2025 Νικάρχου
1274 1974 1328 2024 Ο,
1361 1986 1476 2012 nunc
1505 1986 1627 2023 vero,
1661 1987 1757 2013 cum

57 2043 75 2066 ῑ
120 2035 159 2074 ei
194 2037 362 2086 praeter
399 2037 678 2087 manuscripti
716 2038 770 2076 ab
808 2038 842 2077 A
875 2038 1037 2077 exarati
1065 2039 1364 2078 correctionem
1395 2039 1519 2078 etiam
1549 2040 1757 2089 epigram-

7 2110 9 2115 *
51 2110 60 2121 ·’
121 2100 246 2139 matis
282 2101 391 2140 tituli
428 2102 687 2151 appingendi
724 2105 889 2153 essent,
931 2103 968 2141 is
1006 2115 1121 2142 unus
1158 2105 1293 2142 totum
1331 2104 1500 2142 titulum
1531 2102 1690 2155 ἄδηλον
1718 2104 1759 2144 οῖ

122 2162 168 2204 δὲ
195 2162 442 2216 Σιμωνίδου
471 2167 654 2217 scripsit.

55 2221 69 2279 ‘f
175 2228 202 2281 ξ
231 2230 296 2270 88.
344 2229 412 2270 De
440 2230 796 2282 epiqrammatis
824 2232 907 2271 116
935 2231 1064 2272 tituli
1089 2231 1281 2283 oriyine.
1330 2234 1407 2283 Ep.
1430 2233 1504 2272 116
1527 2233 1638 2283 (vn.
1659 2234 1754 2284 647)

52 2287 75 2347 {ss
120 2293 163 2334 in
188 2295 379 2335 Palatino
403 2299 603 2336 ornatum
627 2300 692 2338 est
717 2297 839 2336 titulo
863 2298 1065 2348 ambiguo
1088 2296 1335 2349 Σιμωνίδου
1361 2298 1401 2337 οἷ
1425 2297 1470 2337 δὲ
1493 2296 1679 2350 Σιμμίου
1703 2299 1753 2347 C;

120 2362 343 2400 auctorum
373 2362 593 2400 nominum
624 2362 855 2401 similitudo
883 2362 1004 2401 docet
1033 2363 1148 2401 hunc
1176 2363 1386 2412 duplicem
1416 2364 1585 2402 titulum
1614 2365 1755 2403 ortum

53 2423 70 2476 ⁷,
120 2434 214 2464 esse
248 2437 301 2465 ex
339 2428 486 2476 poetae
523 2427 662 2466 indice
699 2439 784 2466 non
821 2428 1043 2477 perspicue
1077 2430 1263 2466 exarato.
1311 2428 1560 2477 Corruptela
1590 2429 1672 2467 iam
1702 2429 1756 2468 ad

60 2480 73 2534 ſs,
121 2488 348 2540 Cephalam
383 2492 520 2531 redire
549 2492 739 2543 videtur,
782 2505 880 2532 nam
912 2493 1125 2533 Planudes
1155 2493 1446 2542 Cephalanum
1476 2493 1644 2532 titulum
1676 2494 1755 2532 sol-

55 2555 64 2578 ”’
121 2557 240 2607 yerat
257 2553 440 2607 Σαμίου.
465 2557 703 2603 Quemnam
723 2558 908 2608 titulum,
933 2555 1194 2608 Σιμωνίδου,
1218 2556 1420 2609 Σιμμίου,
1444 2556 1612 2609 Σαμίου
1634 2559 1755 2598 Mele-
1790 2587 1793 2590 -

62 2619 68 2678 :y
120 2620 212 2671 agri
237 2621 425 2672 Corona,
458 2622 502 2661 in
523 2623 645 2662 cuius
666 2623 906 2674 fragmento
925 2624 1187 2676 epigramma
1207 2623 1595 2687 extatkhabuerit,
1630 2624 1755 2663 inter-

163 2749 226 2790 112)
274 2752 474 2795 Utrumque
514 2754 660 2787 fortasse
701 2755 885 2795 Antipatro
919 2755 1038 2787 Thess.
1080 2755 1309 2787 tribuendum
1351 2754 1583 2786 Stacitmiiller
1615 2759 1753 2794 censet,

67 2808 72 2826 ἵ
120 2805 191 2839 vn.
215 2805 275 2840 431
304 2807 478 2842 Leonidae
505 2809 625 2851 Bergk.
655 2809 707 2842 Cf.
731 2811 838 2843 etiam
864 2821 948 2843 nnn.
970 2821 1043 2852 seq.

58 2858 72 2902 ἶ
164 2861 226 2902 113)
273 2863 509 2897 Reitzenstein
536 2876 566 2907 p.
585 2864 647 2898 ¹1ss
666 2876 718 2908 ep.
741 2876 847 2899 unam
869 2877 909 2899 cx
932 2867 1001 2899 illis
1022 2866 1279 2899 imitationibus
1301 2866 1527 2898 Dionem-ideis
1543 2876 1618 2898 esse.
1637 2870 1755 2907 putat.

2 2950 5 2955 ,
59 2959 71 2966 ..
120 2917 248 2959 quibus
265 2919 446 2952 falsarium
464 2921 619 2963 aliquem
638 2921 861 2955 Simonideae
877 2922 1038 2964 Sylloges
1052 2923 1241 2954 editionem
1263 2922 1589 2963 Peloponnesiacum
1610 2923 1659 2957 (et
1676 2932 1753 2954 eam

8 2993 13 3000 ι
121 2970 302 3017 noticiam,
325 2974 343 3015 fi
366 2975 425 3016 38)
448 2977 713 3019 interpolas-isse
739 2978 849 3010 finxit.
876 2978 971 3011 lianc
995 2982 1115 3010 antem
1142 2979 1266 3010 miram
1292 2978 1488 3019 opinionem
1517 2979 1567 3010 vir
1586 2979 1627 3010 vl.
1650 2980 1755 3010 tacite

1 3045 2 3048 ¹
69 3024 80 3066 ’,
120 3029 279 3064 reiecisse
298 3032 437 3065 videtur
458 3033 653 3067 Pw.—R1‹1.
672 3033 710 3067 V.
731 3033 817 3066 1127
839 3044 889 3076 sq.
902 3059 910 3075 ,
935 3045 1014 3066 cnm
1034 3038 1156 3066 contra
1174 3035 1372 3076 suspicet-ur
1391 3034 1575 3066 [nost-ovidi
1593 3033 1660 3076 (ep.
1675 3034 1755 3074 Ι430)

120 3094 172 3128 ορ.
195 3083 612 3130 ‘pseudo—Simonideum'
637 3091 821 3123 materiem
847 3090 1058 3132 praebuisse.

1555 3144 1622 3179 10*
