<?xml version="1.0" encoding="UTF-8"?>
<!DOCTYPE html PUBLIC "-//W3C//DTD XHTML 1.0 Transitional//EN"
    "http://www.w3.org/TR/xhtml1/DTD/xhtml1-transitional.dtd">
<html xmlns="http://www.w3.org/1999/xhtml" xml:lang="en" lang="en">
 <head>
  <title>
</title>
<meta http-equiv="Content-Type" content="text/html;charset=utf-8" />
  <meta name='ocr-system' content='tesseract 3.04.00' />
  <meta name='ocr-capabilities' content='ocr_page ocr_carea ocr_par ocr_line ocrx_word'/>
</head>
<body>
  <div class='ocr_page' id='page_1' title='image "./deepigrammatasim00boasuoft_0172.png"; bbox 0 0 2072 3568; ppageno 0'>
   <div class='ocr_carea' id='block_1_1' title="bbox 378 203 1239 256">
    <p class='ocr_par' dir='ltr' id='par_1_1' title="bbox 378 203 1239 256">
     <span class='ocr_line' id='line_1_1' title="bbox 378 203 1239 256; baseline -0.002 -11"><span class='ocrx_word' id='word_1_1' title='bbox 378 206 479 256; x_wconf 83' lang='lat' dir='ltr'><strong>Cap.</strong></span> <span class='ocrx_word' id='word_1_2' title='bbox 515 203 605 254; x_wconf 93' lang='lat'>111,</span> <span class='ocrx_word' id='word_1_3' title='bbox 640 204 702 244; x_wconf 87' lang='lat'><strong>19.</strong></span> <span class='ocrx_word' id='word_1_4' title='bbox 1163 204 1239 243; x_wconf 83' lang='lat'><strong>150</strong></span> 
     </span>
    </p>
   </div>
   <div class='ocr_carea' id='block_1_2' title="bbox 377 327 2025 2078">
    <p class='ocr_par' dir='ltr' id='par_1_2' title="bbox 377 327 2024 1359">
     <span class='ocr_line' id='line_1_2' title="bbox 379 327 2020 379; baseline 0.002 -12"><span class='ocrx_word' id='word_1_5' title='bbox 379 329 495 369; x_wconf 74' lang='lat' dir='ltr'><strong>Sor-o</strong></span> <span class='ocrx_word' id='word_1_6' title='bbox 520 330 586 378; x_wconf 75' lang='lat'>¹¹⁵)</span> <span class='ocrx_word' id='word_1_7' title='bbox 614 329 767 368; x_wconf 83' lang='lat' dir='ltr'><strong>hausta</strong></span> <span class='ocrx_word' id='word_1_8' title='bbox 792 328 1113 379; x_wconf 80' lang='lat' dir='ltr'><strong>epigrammatis</strong></span> <span class='ocrx_word' id='word_1_9' title='bbox 1138 327 1335 378; x_wconf 85' lang='lat' dir='ltr'><strong>Meleagri</strong></span> <span class='ocrx_word' id='word_1_10' title='bbox 1361 327 1498 378; x_wconf 84' lang='lat' dir='ltr'><strong>ipsius</strong></span> <span class='ocrx_word' id='word_1_11' title='bbox 1522 327 1772 368; x_wconf 72' lang='lat' dir='ltr'><strong>intersertis.</strong></span> <span class='ocrx_word' id='word_1_12' title='bbox 1806 328 1868 370; x_wconf 79' lang='lat' dir='ltr'><strong>De</strong></span> <span class='ocrx_word' id='word_1_13' title='bbox 1888 327 2020 370; x_wconf 73' lang='lat' dir='ltr'><strong>huius</strong></span> 
     </span>
     <span class='ocr_line' id='line_1_3' title="bbox 377 391 2021 446; baseline 0.001 -13"><span class='ocrx_word' id='word_1_14' title='bbox 377 395 539 434; x_wconf 81' lang='lat' dir='ltr'><strong>ordinis</strong></span> <span class='ocrx_word' id='word_1_15' title='bbox 581 394 884 444; x_wconf 83' lang='lat' dir='ltr'><strong>compositione</strong></span> <span class='ocrx_word' id='word_1_16' title='bbox 925 393 978 432; x_wconf 79' lang='lat' dir='ltr'><strong>ci.</strong></span> <span class='ocrx_word' id='word_1_17' title='bbox 1022 393 1237 444; x_wconf 82' lang='lat' dir='ltr'><strong>Radinger</strong></span> <span class='ocrx_word' id='word_1_18' title='bbox 1279 404 1319 443; x_wconf 89' lang='lat' dir='ltr'><strong>p.</strong></span> <span class='ocrx_word' id='word_1_19' title='bbox 1361 391 1441 433; x_wconf 81' lang='lat'><strong>306</strong></span> <span class='ocrx_word' id='word_1_20' title='bbox 1482 404 1547 443; x_wconf 88' lang='lat' dir='ltr'><strong>sq.</strong></span> <span class='ocrx_word' id='word_1_21' title='bbox 1594 392 1768 433; x_wconf 84' lang='lat' dir='ltr'><strong>Certum</strong></span> <span class='ocrx_word' id='word_1_22' title='bbox 1796 393 1929 446; x_wconf 71' lang='lat' dir='ltr'><strong>igitur</strong></span> <span class='ocrx_word' id='word_1_23' title='bbox 1953 395 2021 435; x_wconf 63' lang='lat' dir='ltr'><strong>ut</strong></span> 
     </span>
     <span class='ocr_line' id='line_1_4' title="bbox 379 457 2022 510; baseline 0.001 -11"><span class='ocrx_word' id='word_1_24' title='bbox 379 461 456 499; x_wconf 87' lang='lat' dir='ltr'><strong>hoc</strong></span> <span class='ocrx_word' id='word_1_25' title='bbox 493 460 755 510; x_wconf 74' lang='lat' dir='ltr'><strong>epigramma</strong></span> <span class='ocrx_word' id='word_1_26' title='bbox 794 471 817 498; x_wconf 91' lang='lat' dir='ltr'><strong>a</strong></span> <span class='ocrx_word' id='word_1_27' title='bbox 857 459 1069 509; x_wconf 79' lang='lat' dir='ltr'><strong>Meleagro</strong></span> <span class='ocrx_word' id='word_1_28' title='bbox 1105 470 1157 497; x_wconf 90' lang='lat' dir='ltr'><strong>ex</strong></span> <span class='ocrx_word' id='word_1_29' title='bbox 1197 457 1306 498; x_wconf 88' lang='lat' dir='ltr'><strong>Soro</strong></span> <span class='ocrx_word' id='word_1_30' title='bbox 1343 457 1520 508; x_wconf 90' lang='lat' dir='ltr'><strong>petitum</strong></span> <span class='ocrx_word' id='word_1_31' title='bbox 1558 468 1655 498; x_wconf 79' lang='lat' dir='ltr'><strong>esse</strong></span> <span class='ocrx_word' id='word_1_32' title='bbox 1681 459 1812 509; x_wconf 73' lang='lat' dir='ltr'><strong>atque</strong></span> <span class='ocrx_word' id='word_1_33' title='bbox 1834 458 1880 499; x_wconf 84' lang='lat' dir='ltr'><strong>in</strong></span> <span class='ocrx_word' id='word_1_34' title='bbox 1908 458 2022 500; x_wconf 63' lang='lat' dir='ltr'><strong>ham</strong></span> 
     </span>
     <span class='ocr_line' id='line_1_5' title="bbox 379 522 2020 575; baseline 0.001 -11"><span class='ocrx_word' id='word_1_35' title='bbox 379 526 528 564; x_wconf 86' lang='lat' dir='ltr'><strong>scriem</strong></span> <span class='ocrx_word' id='word_1_36' title='bbox 569 527 741 575; x_wconf 88' lang='lat' dir='ltr'><strong>propter</strong></span> <span class='ocrx_word' id='word_1_37' title='bbox 775 524 1011 564; x_wconf 79' lang='lat' dir='ltr'><strong>auctorem</strong></span> <span class='ocrx_word' id='word_1_38' title='bbox 1039 534 1135 563; x_wconf 87' lang='lat' dir='ltr'><strong>esse</strong></span> <span class='ocrx_word' id='word_1_39' title='bbox 1164 525 1393 574; x_wconf 88' lang='lat' dir='ltr'><strong>receptum.</strong></span> <span class='ocrx_word' id='word_1_40' title='bbox 1440 522 1563 563; x_wconf 83' lang='lat' dir='ltr'><strong>Redit</strong></span> <span class='ocrx_word' id='word_1_41' title='bbox 1591 525 1734 563; x_wconf 84' lang='lat' dir='ltr'><strong>autem</strong></span> <span class='ocrx_word' id='word_1_42' title='bbox 1760 522 1845 564; x_wconf 80' lang='grc' dir='ltr'><strong>ΑΡ.</strong></span> <span class='ocrx_word' id='word_1_43' title='bbox 1872 522 1947 564; x_wconf 81' lang='lat' dir='ltr'><strong>xl.</strong></span> <span class='ocrx_word' id='word_1_44' title='bbox 1972 522 2020 565; x_wconf 69' lang='grc' dir='ltr'><strong>θ’</strong></span> 
     </span>
     <span class='ocr_line' id='line_1_6' title="bbox 379 587 2020 639; baseline 0.001 -11"><span class='ocrx_word' id='word_1_45' title='bbox 379 588 618 630; x_wconf 76' lang='lat' dir='ltr'><strong>Simonidi</strong></span> <span class='ocrx_word' id='word_1_46' title='bbox 658 589 910 629; x_wconf 87' lang='lat' dir='ltr'><strong>attributum</strong></span> <span class='ocrx_word' id='word_1_47' title='bbox 956 589 1029 639; x_wconf 88' lang='lat' dir='ltr'><strong>(B)</strong></span> <span class='ocrx_word' id='word_1_48' title='bbox 1074 588 1184 628; x_wconf 89' lang='lat' dir='ltr'><strong>inter</strong></span> <span class='ocrx_word' id='word_1_49' title='bbox 1225 589 1533 639; x_wconf 86' lang='lat' dir='ltr'><strong>epigrammata</strong></span> <span class='ocrx_word' id='word_1_50' title='bbox 1575 587 1814 629; x_wconf 82' lang='lat' dir='ltr'><strong>convivalia</strong></span> <span class='ocrx_word' id='word_1_51' title='bbox 1848 589 1892 629; x_wconf 83' lang='lat' dir='ltr'><strong>et</strong></span> <span class='ocrx_word' id='word_1_52' title='bbox 1925 587 2020 630; x_wconf 76' lang='lat' dir='ltr'><strong>irri-</strong></span> 
     </span>
     <span class='ocr_line' id='line_1_7' title="bbox 379 652 2020 707; baseline -0.001 -11"><span class='ocrx_word' id='word_1_53' title='bbox 379 657 517 707; x_wconf 85' lang='lat' dir='ltr'><strong>soria,</strong></span> <span class='ocrx_word' id='word_1_54' title='bbox 565 656 636 695; x_wconf 92' lang='lat' dir='ltr'><strong>ubi</strong></span> <span class='ocrx_word' id='word_1_55' title='bbox 676 655 859 705; x_wconf 86' lang='lat' dir='ltr'><strong>positum</strong></span> <span class='ocrx_word' id='word_1_56' title='bbox 898 666 993 694; x_wconf 87' lang='lat' dir='ltr'><strong>esse</strong></span> <span class='ocrx_word' id='word_1_57' title='bbox 1030 654 1199 693; x_wconf 88' lang='lat' dir='ltr'><strong>videtur</strong></span> <span class='ocrx_word' id='word_1_58' title='bbox 1236 656 1410 704; x_wconf 81' lang='lat' dir='ltr'><strong>propter</strong></span> <span class='ocrx_word' id='word_1_59' title='bbox 1445 656 1763 705; x_wconf 79' lang='lat' dir='ltr'><strong>argumentum.</strong></span> <span class='ocrx_word' id='word_1_60' title='bbox 1806 652 2020 701; x_wconf 74' lang='lat' dir='ltr'><strong>Quoniam</strong></span> 
     </span>
     <span class='ocr_line' id='line_1_8' title="bbox 379 717 2023 771; baseline 0 -11"><span class='ocrx_word' id='word_1_61' title='bbox 379 721 435 761; x_wconf 90' lang='lat' dir='ltr'><strong>ibi</strong></span> <span class='ocrx_word' id='word_1_62' title='bbox 477 733 542 771; x_wconf 90' lang='lat' dir='ltr'><strong>ep.</strong></span> <span class='ocrx_word' id='word_1_63' title='bbox 590 732 673 760; x_wconf 90' lang='lat' dir='ltr'><strong>non</strong></span> <span class='ocrx_word' id='word_1_64' title='bbox 717 722 831 759; x_wconf 85' lang='lat' dir='ltr'><strong>extat</strong></span> <span class='ocrx_word' id='word_1_65' title='bbox 874 719 917 759; x_wconf 92' lang='lat' dir='ltr'><strong>in</strong></span> <span class='ocrx_word' id='word_1_66' title='bbox 962 719 1202 770; x_wconf 70' lang='lat' dir='ltr'><strong>fragmento</strong></span> <span class='ocrx_word' id='word_1_67' title='bbox 1245 719 1482 770; x_wconf 88' lang='lat' dir='ltr'><strong>Meleagreo</strong></span> <span class='ocrx_word' id='word_1_68' title='bbox 1522 740 1576 748; x_wconf 93' lang='lat'><strong>—</strong></span> <span class='ocrx_word' id='word_1_69' title='bbox 1615 730 1712 770; x_wconf 88' lang='lat' dir='ltr'><strong>epp.</strong></span> <span class='ocrx_word' id='word_1_70' title='bbox 1754 718 1892 760; x_wconf 73' lang='lat' dir='ltr'><strong>vicina</strong></span> <span class='ocrx_word' id='word_1_71' title='bbox 1932 717 2023 760; x_wconf 69' lang='lat' dir='ltr'><strong>iere</strong></span> 
     </span>
     <span class='ocr_line' id='line_1_9' title="bbox 378 783 2021 836; baseline 0 -11"><span class='ocrx_word' id='word_1_72' title='bbox 378 787 519 825; x_wconf 88' lang='lat' dir='ltr'><strong>omnia</strong></span> <span class='ocrx_word' id='word_1_73' title='bbox 556 798 607 825; x_wconf 90' lang='lat' dir='ltr'><strong>ex</strong></span> <span class='ocrx_word' id='word_1_74' title='bbox 637 786 799 836; x_wconf 82' lang='lat' dir='ltr'><strong>sylloge</strong></span> <span class='ocrx_word' id='word_1_75' title='bbox 830 785 1115 835; x_wconf 88' lang='lat' dir='ltr'><strong>Diogenianea</strong></span> <span class='ocrx_word' id='word_1_76' title='bbox 1144 787 1246 824; x_wconf 84' lang='lat' dir='ltr'><strong>sunt</strong></span> <span class='ocrx_word' id='word_1_77' title='bbox 1274 806 1326 813; x_wconf 90' lang='lat'>—</span> <span class='ocrx_word' id='word_1_78' title='bbox 1356 784 1548 835; x_wconf 76' lang='lat' dir='ltr'><strong>repetitio</strong></span> <span class='ocrx_word' id='word_1_79' title='bbox 1576 795 1662 824; x_wconf 89' lang='lat' dir='ltr'><strong>non</strong></span> <span class='ocrx_word' id='word_1_80' title='bbox 1690 783 1871 824; x_wconf 83' lang='lat' dir='ltr'><strong>debetur</strong></span> <span class='ocrx_word' id='word_1_81' title='bbox 1898 783 2021 825; x_wconf 64' lang='lat' dir='ltr'><strong>Helo-</strong></span> 
     </span>
     <span class='ocr_line' id='line_1_10' title="bbox 379 848 2017 902; baseline -0.001 -11"><span class='ocrx_word' id='word_1_82' title='bbox 379 863 484 902; x_wconf 91' lang='lat' dir='ltr'><strong>agro</strong></span> <span class='ocrx_word' id='word_1_83' title='bbox 520 851 594 890; x_wconf 86' lang='lat' dir='ltr'><strong>sed</strong></span> <span class='ocrx_word' id='word_1_84' title='bbox 634 851 856 901; x_wconf 85' lang='lat' dir='ltr'><strong>Cephalae.</strong></span> <span class='ocrx_word' id='word_1_85' title='bbox 902 850 984 896; x_wconf 89' lang='lat' dir='ltr'><strong>Qui</strong></span> <span class='ocrx_word' id='word_1_86' title='bbox 1014 850 1229 900; x_wconf 92' lang='lat' dir='ltr'><strong>quomodo</strong></span> <span class='ocrx_word' id='word_1_87' title='bbox 1260 849 1468 890; x_wconf 86' lang='lat' dir='ltr'><strong>Simonidi</strong></span> <span class='ocrx_word' id='word_1_88' title='bbox 1497 848 1712 889; x_wconf 84' lang='lat' dir='ltr'><strong>ascribere</strong></span> <span class='ocrx_word' id='word_1_89' title='bbox 1739 849 1924 900; x_wconf 78' lang='lat' dir='ltr'><strong>potuerit</strong></span> <span class='ocrx_word' id='word_1_90' title='bbox 1949 859 2017 902; x_wconf 78' lang='lat' dir='ltr'><strong>ep.</strong></span> 
     </span>
     <span class='ocr_line' id='line_1_11' title="bbox 379 912 2019 967; baseline 0 -12"><span class='ocrx_word' id='word_1_91' title='bbox 379 918 421 956; x_wconf 89' lang='lat' dir='ltr'><strong>in</strong></span> <span class='ocrx_word' id='word_1_92' title='bbox 452 917 567 956; x_wconf 86' lang='lat' dir='ltr'><strong>fonte</strong></span> <span class='ocrx_word' id='word_1_93' title='bbox 595 927 675 955; x_wconf 86' lang='lat' dir='ltr'><strong>suo</strong></span> <span class='ocrx_word' id='word_1_94' title='bbox 705 916 819 966; x_wconf 84' lang='lat' dir='ltr'><strong>(Mel.</strong></span> <span class='ocrx_word' id='word_1_95' title='bbox 844 915 964 966; x_wconf 89' lang='lat' dir='ltr'><strong>Cor.)</strong></span> <span class='ocrx_word' id='word_1_96' title='bbox 997 914 1183 967; x_wconf 75' lang='lat' dir='ltr'><strong>Hedyle</strong></span> <span class='ocrx_word' id='word_1_97' title='bbox 1212 913 1282 955; x_wconf 84' lang='lat' dir='ltr'><strong>vel</strong></span> <span class='ocrx_word' id='word_1_98' title='bbox 1309 912 1580 966; x_wconf 69' lang='lat' dir='ltr'><strong>Asclepiadi</strong></span> <span class='ocrx_word' id='word_1_99' title='bbox 1606 913 1840 965; x_wconf 84' lang='lat' dir='ltr'><strong>tributum,</strong></span> <span class='ocrx_word' id='word_1_100' title='bbox 1871 913 2019 965; x_wconf 69' lang='lat' dir='ltr'><strong>heile,</strong></span> 
     </span>
     <span class='ocr_line' id='line_1_12' title="bbox 379 979 2023 1032; baseline 0 -11"><span class='ocrx_word' id='word_1_101' title='bbox 379 983 543 1032; x_wconf 87' lang='lat' dir='ltr'><strong>opinor,</strong></span> <span class='ocrx_word' id='word_1_102' title='bbox 575 982 823 1032; x_wconf 81' lang='lat' dir='ltr'><strong>explicatur.</strong></span> <span class='ocrx_word' id='word_1_103' title='bbox 859 982 907 1020; x_wconf 90' lang='lat' dir='ltr'><strong>In</strong></span> <span class='ocrx_word' id='word_1_104' title='bbox 940 982 1107 1021; x_wconf 88' lang='lat' dir='ltr'><strong>Corona</strong></span> <span class='ocrx_word' id='word_1_105' title='bbox 1136 981 1249 1020; x_wconf 91' lang='lat' dir='ltr'><strong>enim</strong></span> <span class='ocrx_word' id='word_1_106' title='bbox 1279 980 1373 1019; x_wconf 90' lang='lat' dir='ltr'><strong>Mel.</strong></span> <span class='ocrx_word' id='word_1_107' title='bbox 1398 991 1464 1030; x_wconf 89' lang='lat' dir='ltr'><strong>ep.</strong></span> <span class='ocrx_word' id='word_1_108' title='bbox 1483 980 1531 1019; x_wconf 90' lang='lat' dir='ltr'><strong>V.</strong></span> <span class='ocrx_word' id='word_1_109' title='bbox 1559 979 1636 1020; x_wconf 85' lang='lat'><strong>160</strong></span> <span class='ocrx_word' id='word_1_110' title='bbox 1659 979 1791 1020; x_wconf 72' lang='lat' dir='ltr'><strong>unlus</strong></span> <span class='ocrx_word' id='word_1_111' title='bbox 1811 979 2023 1032; x_wconf 74' lang='lat' dir='ltr'><strong>epigram·</strong></span> 
     </span>
     <span class='ocr_line' id='line_1_13' title="bbox 381 1042 2021 1097; baseline 0 -11"><span class='ocrx_word' id='word_1_112' title='bbox 381 1048 504 1087; x_wconf 86' lang='lat' dir='ltr'><strong>matis</strong></span> <span class='ocrx_word' id='word_1_113' title='bbox 528 1047 750 1086; x_wconf 88' lang='lat' dir='ltr'><strong>intervallo</strong></span> <span class='ocrx_word' id='word_1_114' title='bbox 776 1049 1022 1097; x_wconf 88' lang='lat' dir='ltr'><strong>separatum</strong></span> <span class='ocrx_word' id='word_1_115' title='bbox 1046 1049 1138 1086; x_wconf 90' lang='lat' dir='ltr'><strong>erat</strong></span> <span class='ocrx_word' id='word_1_116' title='bbox 1162 1046 1217 1085; x_wconf 88' lang='lat' dir='ltr'><strong>ab</strong></span> <span class='ocrx_word' id='word_1_117' title='bbox 1237 1057 1303 1096; x_wconf 90' lang='lat' dir='ltr'><strong>ep.</strong></span> <span class='ocrx_word' id='word_1_118' title='bbox 1322 1046 1370 1085; x_wconf 88' lang='lat' dir='ltr'><strong>V.</strong></span> <span class='ocrx_word' id='word_1_119' title='bbox 1400 1045 1476 1085; x_wconf 76' lang='lat'><strong>158</strong></span> <span class='ocrx_word' id='word_1_120' title='bbox 1500 1044 1709 1085; x_wconf 85' lang='lat' dir='ltr'><strong>Simonidi</strong></span> <span class='ocrx_word' id='word_1_121' title='bbox 1732 1043 1817 1096; x_wconf 83' lang='lat' dir='ltr'><strong>(ep.</strong></span> <span class='ocrx_word' id='word_1_122' title='bbox 1836 1042 2021 1096; x_wconf 68' lang='lat' dir='ltr'><strong>imm)</strong></span> 
     </span>
     <span class='ocr_line' id='line_1_14' title="bbox 380 1109 2024 1163; baseline -0.001 -12"><span class='ocrx_word' id='word_1_123' title='bbox 380 1113 611 1162; x_wconf 88' lang='lat' dir='ltr'><strong>assignato.</strong></span> <span class='ocrx_word' id='word_1_124' title='bbox 672 1112 779 1153; x_wconf 86' lang='lat' dir='ltr'><strong>Cum</strong></span> <span class='ocrx_word' id='word_1_125' title='bbox 827 1115 968 1151; x_wconf 90' lang='lat' dir='ltr'><strong>autem</strong></span> <span class='ocrx_word' id='word_1_126' title='bbox 1016 1113 1059 1151; x_wconf 90' lang='lat' dir='ltr'><strong>in</strong></span> <span class='ocrx_word' id='word_1_127' title='bbox 1108 1112 1238 1151; x_wconf 85' lang='lat' dir='ltr'><strong>huius</strong></span> <span class='ocrx_word' id='word_1_128' title='bbox 1280 1111 1601 1162; x_wconf 82' lang='lat' dir='ltr'><strong>epigrammatis</strong></span> <span class='ocrx_word' id='word_1_129' title='bbox 1642 1109 1818 1150; x_wconf 83' lang='lat' dir='ltr'><strong>exordio</strong></span> <span class='ocrx_word' id='word_1_130' title='bbox 1855 1109 2024 1163; x_wconf 74' lang='lat' dir='ltr'><strong>legatur</strong></span> 
     </span>
     <span class='ocr_line' id='line_1_15' title="bbox 379 1174 2019 1228; baseline -0.001 -11"><span class='ocrx_word' id='word_1_131' title='bbox 379 1178 567 1217; x_wconf 86' lang='lat' dir='ltr'><strong>eiusdem</strong></span> <span class='ocrx_word' id='word_1_132' title='bbox 594 1178 826 1217; x_wconf 85' lang='lat' dir='ltr'><strong>meretricis</strong></span> <span class='ocrx_word' id='word_1_133' title='bbox 853 1176 1028 1227; x_wconf 87' lang='lat' dir='ltr'><strong>(Boidii)</strong></span> <span class='ocrx_word' id='word_1_134' title='bbox 1055 1189 1208 1217; x_wconf 89' lang='lat' dir='ltr'><strong>nomen</strong></span> <span class='ocrx_word' id='word_1_135' title='bbox 1235 1180 1364 1227; x_wconf 89' lang='lat' dir='ltr'><strong>atque</strong></span> <span class='ocrx_word' id='word_1_136' title='bbox 1387 1177 1430 1215; x_wconf 92' lang='lat' dir='ltr'><strong>in</strong></span> <span class='ocrx_word' id='word_1_137' title='bbox 1457 1187 1587 1216; x_wconf 84' lang='lat' dir='ltr'><strong>versu</strong></span> <span class='ocrx_word' id='word_1_138' title='bbox 1610 1176 1750 1227; x_wconf 87' lang='lat' dir='ltr'><strong>primo</strong></span> <span class='ocrx_word' id='word_1_139' title='bbox 1770 1186 1837 1228; x_wconf 84' lang='lat' dir='ltr'><strong>ep.</strong></span> <span class='ocrx_word' id='word_1_140' title='bbox 1847 1174 1897 1216; x_wconf 84' lang='lat' dir='ltr'><strong>V.</strong></span> <span class='ocrx_word' id='word_1_141' title='bbox 1921 1174 2019 1227; x_wconf 77' lang='lat'><strong>160,</strong></span> 
     </span>
     <span class='ocr_line' id='line_1_16' title="bbox 380 1238 2023 1294; baseline 0.001 -12"><span class='ocrx_word' id='word_1_142' title='bbox 380 1244 501 1283; x_wconf 84' lang='lat' dir='ltr'><strong>facile</strong></span> <span class='ocrx_word' id='word_1_143' title='bbox 520 1244 729 1294; x_wconf 87' lang='lat' dir='ltr'><strong>Cephalas</strong></span> <span class='ocrx_word' id='word_1_144' title='bbox 754 1243 1072 1283; x_wconf 85' lang='lat' dir='ltr'><strong>circumductus</strong></span> <span class='ocrx_word' id='word_1_145' title='bbox 1092 1242 1191 1281; x_wconf 88' lang='lat' dir='ltr'><strong>huic</strong></span> <span class='ocrx_word' id='word_1_146' title='bbox 1210 1241 1506 1292; x_wconf 81' lang='lat' dir='ltr'><strong>epigrammati</strong></span> <span class='ocrx_word' id='word_1_147' title='bbox 1525 1241 1679 1281; x_wconf 84' lang='lat' dir='ltr'><strong>iterum</strong></span> <span class='ocrx_word' id='word_1_148' title='bbox 1698 1242 1867 1292; x_wconf 75' lang='lat' dir='ltr'><strong>recepto</strong></span> <span class='ocrx_word' id='word_1_149' title='bbox 1884 1240 1960 1282; x_wconf 81' lang='lat' dir='ltr'><strong>xl.</strong></span> <span class='ocrx_word' id='word_1_150' title='bbox 1975 1238 2023 1283; x_wconf 70' lang='lat'><strong>9⁸</strong></span> 
     </span>
     <span class='ocr_line' id='line_1_17' title="bbox 381 1307 1215 1359; baseline -0.001 -12"><span class='ocrx_word' id='word_1_151' title='bbox 381 1309 494 1347; x_wconf 88' lang='lat' dir='ltr'><strong>illius</strong></span> <span class='ocrx_word' id='word_1_152' title='bbox 523 1309 694 1348; x_wconf 90' lang='lat' dir='ltr'><strong>titulum</strong></span> <span class='ocrx_word' id='word_1_153' title='bbox 724 1320 939 1359; x_wconf 88' lang='lat' dir='ltr'><strong>apponere</strong></span> <span class='ocrx_word' id='word_1_154' title='bbox 967 1308 1103 1358; x_wconf 89' lang='lat' dir='ltr'><strong>potuit</strong></span> <span class='ocrx_word' id='word_1_155' title='bbox 1131 1307 1215 1358; x_wconf 85' lang='grc'><strong>117).</strong></span> 
     </span>
    </p>

    <p class='ocr_par' dir='ltr' id='par_1_3' title="bbox 381 1370 2025 1817">
     <span class='ocr_line' id='line_1_18' title="bbox 436 1370 2025 1424; baseline -0.001 -12"><span class='ocrx_word' id='word_1_156' title='bbox 436 1374 648 1414; x_wconf 86' lang='lat' dir='ltr'><strong>Planudes</strong></span> <span class='ocrx_word' id='word_1_157' title='bbox 673 1385 738 1424; x_wconf 88' lang='lat' dir='ltr'><strong>ep.</strong></span> <span class='ocrx_word' id='word_1_158' title='bbox 765 1385 816 1412; x_wconf 85' lang='lat' dir='ltr'><strong>ex</strong></span> <span class='ocrx_word' id='word_1_159' title='bbox 841 1374 973 1412; x_wconf 89' lang='lat' dir='ltr'><strong>altero</strong></span> <span class='ocrx_word' id='word_1_160' title='bbox 996 1375 1163 1412; x_wconf 91' lang='lat' dir='ltr'><strong>tantum</strong></span> <span class='ocrx_word' id='word_1_161' title='bbox 1184 1373 1295 1422; x_wconf 78' lang='lat' dir='ltr'><strong>loco,</strong></span> <span class='ocrx_word' id='word_1_162' title='bbox 1323 1372 1396 1412; x_wconf 91' lang='lat' dir='ltr'><strong>ubi</strong></span> <span class='ocrx_word' id='word_1_163' title='bbox 1420 1371 1652 1412; x_wconf 78' lang='lat' dir='ltr'><strong>Simonidis</strong></span> <span class='ocrx_word' id='word_1_164' title='bbox 1672 1371 1842 1424; x_wconf 80' lang='lat' dir='ltr'><strong>dicitur,</strong></span> <span class='ocrx_word' id='word_1_165' title='bbox 1861 1370 2025 1423; x_wconf 73' lang='lat' dir='ltr'><strong>recepit</strong></span> 
     </span>
     <span class='ocr_line' id='line_1_19' title="bbox 382 1436 2024 1489; baseline 0 -12"><span class='ocrx_word' id='word_1_166' title='bbox 382 1439 423 1478; x_wconf 91' lang='lat' dir='ltr'><strong>in</strong></span> <span class='ocrx_word' id='word_1_167' title='bbox 455 1439 611 1478; x_wconf 88' lang='lat' dir='ltr'><strong>librum</strong></span> <span class='ocrx_word' id='word_1_168' title='bbox 641 1439 997 1489; x_wconf 86' lang='lat' dir='ltr'><strong>epigrammatum</strong></span> <span class='ocrx_word' id='word_1_169' title='bbox 1026 1437 1461 1478; x_wconf 82' lang='lat' dir='ltr'><strong>demonstrativomm</strong></span> <span class='ocrx_word' id='word_1_170' title='bbox 1486 1439 1616 1487; x_wconf 89' lang='lat' dir='ltr'><strong>atque</strong></span> <span class='ocrx_word' id='word_1_171' title='bbox 1636 1436 2024 1478; x_wconf 78' lang='lat' dir='ltr'><strong>exhortatoriomm</strong></span> 
     </span>
     <span class='ocr_line' id='line_1_20' title="bbox 382 1501 2023 1556; baseline -0.001 -13"><span class='ocrx_word' id='word_1_172' title='bbox 382 1504 435 1543; x_wconf 73' lang='lat'><strong>1⁸.</strong></span> <span class='ocrx_word' id='word_1_173' title='bbox 479 1505 529 1543; x_wconf 88' lang='lat'><strong>70</strong></span> <span class='ocrx_word' id='word_1_174' title='bbox 573 1503 647 1554; x_wconf 84' lang='grc' dir='ltr'>(εἰς</span> <span class='ocrx_word' id='word_1_175' title='bbox 687 1502 890 1556; x_wconf 80' lang='grc' dir='ltr'><strong>πόρνας),</strong></span> <span class='ocrx_word' id='word_1_176' title='bbox 938 1505 982 1553; x_wconf 83' lang='grc'><strong>2;</strong></span> <span class='ocrx_word' id='word_1_177' title='bbox 1026 1515 1092 1554; x_wconf 86' lang='lat' dir='ltr'><strong>ep.</strong></span> <span class='ocrx_word' id='word_1_178' title='bbox 1135 1515 1236 1543; x_wconf 87' lang='lat' dir='ltr'><strong>vero</strong></span> <span class='ocrx_word' id='word_1_179' title='bbox 1274 1504 1320 1542; x_wconf 90' lang='lat' dir='ltr'><strong>V.</strong></span> <span class='ocrx_word' id='word_1_180' title='bbox 1365 1503 1442 1543; x_wconf 86' lang='lat'><strong>158</strong></span> <span class='ocrx_word' id='word_1_181' title='bbox 1483 1505 1631 1553; x_wconf 77' lang='lat' dir='ltr'><strong>postea</strong></span> <span class='ocrx_word' id='word_1_182' title='bbox 1671 1502 1783 1542; x_wconf 76' lang='lat' dir='ltr'><strong>inter</strong></span> <span class='ocrx_word' id='word_1_183' title='bbox 1816 1501 2023 1543; x_wconf 64' lang='lat' dir='ltr'><strong>amieria</strong></span> 
     </span>
     <span class='ocr_line' id='line_1_21' title="bbox 382 1566 2020 1620; baseline 0.001 -13"><span class='ocrx_word' id='word_1_184' title='bbox 382 1570 524 1619; x_wconf 85' lang='lat' dir='ltr'><strong>posuit</strong></span> <span class='ocrx_word' id='word_1_185' title='bbox 560 1569 640 1620; x_wconf 91' lang='lat' dir='ltr'><strong>(Pl.</strong></span> <span class='ocrx_word' id='word_1_186' title='bbox 668 1570 763 1609; x_wconf 90' lang='lat' dir='ltr'><strong>VII.</strong></span> <span class='ocrx_word' id='word_1_187' title='bbox 800 1569 882 1620; x_wconf 86' lang='lat'><strong>12).</strong></span> <span class='ocrx_word' id='word_1_188' title='bbox 931 1570 1072 1609; x_wconf 88' lang='lat' dir='ltr'><strong>Pauca</strong></span> <span class='ocrx_word' id='word_1_189' title='bbox 1101 1571 1269 1609; x_wconf 86' lang='lat' dir='ltr'><strong>tautum</strong></span> <span class='ocrx_word' id='word_1_190' title='bbox 1301 1568 1545 1609; x_wconf 70' lang='lat' dir='ltr'><strong>Simoniden</strong></span> <span class='ocrx_word' id='word_1_191' title='bbox 1571 1579 1667 1619; x_wconf 87' lang='lat' dir='ltr'><strong>epp.</strong></span> <span class='ocrx_word' id='word_1_192' title='bbox 1699 1578 1798 1609; x_wconf 83' lang='lat' dir='ltr'><strong>oum</strong></span> <span class='ocrx_word' id='word_1_193' title='bbox 1824 1566 1871 1618; x_wconf 79' lang='lat' dir='ltr'><strong>in</strong></span> <span class='ocrx_word' id='word_1_194' title='bbox 1899 1566 2020 1608; x_wconf 69' lang='lat' dir='ltr'><strong>Plan.</strong></span> 
     </span>
     <span class='ocr_line' id='line_1_22' title="bbox 381 1631 2024 1686; baseline 0 -13"><span class='ocrx_word' id='word_1_195' title='bbox 381 1635 453 1674; x_wconf 89' lang='lat' dir='ltr'><strong>lib.</strong></span> <span class='ocrx_word' id='word_1_196' title='bbox 487 1633 507 1673; x_wconf 97' lang='lat' dir='ltr'>I</span> <span class='ocrx_word' id='word_1_197' title='bbox 537 1635 635 1674; x_wconf 89' lang='lat' dir='ltr'><strong>huic</strong></span> <span class='ocrx_word' id='word_1_198' title='bbox 663 1636 959 1686; x_wconf 86' lang='lat' dir='ltr'><strong>epigrammati</strong></span> <span class='ocrx_word' id='word_1_199' title='bbox 990 1634 1290 1685; x_wconf 87' lang='lat' dir='ltr'><strong>praecederent</strong></span> <span class='ocrx_word' id='word_1_200' title='bbox 1320 1633 1397 1684; x_wconf 88' lang='lat' dir='ltr'><strong>(sc.</strong></span> <span class='ocrx_word' id='word_1_201' title='bbox 1426 1636 1680 1684; x_wconf 82' lang='lat' dir='ltr'><strong>conspectus</strong></span> <span class='ocrx_word' id='word_1_202' title='bbox 1707 1633 1790 1673; x_wconf 86' lang='lat' dir='ltr'><strong>mei</strong></span> <span class='ocrx_word' id='word_1_203' title='bbox 1817 1631 2024 1673; x_wconf 73' lang='lat' dir='ltr'><strong>Hanudei</strong></span> 
     </span>
     <span class='ocr_line' id='line_1_23' title="bbox 386 1696 2024 1751; baseline 0 -13"><span class='ocrx_word' id='word_1_204' title='bbox 386 1699 412 1751; x_wconf 63' lang='grc' dir='ltr'>ξ</span> <span class='ocrx_word' id='word_1_205' title='bbox 446 1700 519 1738; x_wconf 86' lang='grc'><strong>105</strong></span> <span class='ocrx_word' id='word_1_206' title='bbox 550 1711 591 1739; x_wconf 90' lang='lat' dir='ltr'><strong>n.</strong></span> <span class='ocrx_word' id='word_1_207' title='bbox 615 1699 687 1750; x_wconf 86' lang='lat'><strong>33,</strong></span> <span class='ocrx_word' id='word_1_208' title='bbox 707 1701 862 1751; x_wconf 87' lang='lat'>34,1),</span> <span class='ocrx_word' id='word_1_209' title='bbox 895 1702 1055 1741; x_wconf 85' lang='lat' dir='ltr'><strong>factum</strong></span> <span class='ocrx_word' id='word_1_210' title='bbox 1084 1702 1171 1750; x_wconf 82' lang='lat' dir='ltr'><strong>eet,</strong></span> <span class='ocrx_word' id='word_1_211' title='bbox 1204 1702 1252 1740; x_wconf 89' lang='lat' dir='ltr'><strong>ut</strong></span> <span class='ocrx_word' id='word_1_212' title='bbox 1279 1700 1331 1739; x_wconf 88' lang='lat' dir='ltr'><strong>iis</strong></span> <span class='ocrx_word' id='word_1_213' title='bbox 1361 1699 1563 1750; x_wconf 81' lang='lat' dir='ltr'><strong>neglectis</strong></span> <span class='ocrx_word' id='word_1_214' title='bbox 1589 1698 1660 1738; x_wconf 88' lang='lat' dir='ltr'><strong>illo</strong></span> <span class='ocrx_word' id='word_1_215' title='bbox 1688 1698 1886 1739; x_wconf 56' lang='lat' dir='ltr'><strong>Iascaris</strong></span> <span class='ocrx_word' id='word_1_216' title='bbox 1909 1696 2024 1739; x_wconf 77' lang='lat' dir='ltr'><strong>ordi·</strong></span> 
     </span>
     <span class='ocr_line' id='line_1_24' title="bbox 383 1761 2020 1817; baseline -0.001 -13"><span class='ocrx_word' id='word_1_217' title='bbox 383 1776 479 1804; x_wconf 89' lang='lat' dir='ltr'><strong>nem</strong></span> <span class='ocrx_word' id='word_1_218' title='bbox 505 1776 632 1804; x_wconf 87' lang='lat' dir='ltr'><strong>suum</strong></span> <span class='ocrx_word' id='word_1_219' title='bbox 657 1767 1012 1817; x_wconf 84' lang='lat' dir='ltr'><strong>epigrammatum</strong></span> <span class='ocrx_word' id='word_1_220' title='bbox 1042 1765 1273 1806; x_wconf 84' lang='lat' dir='ltr'><strong>Simonidis</strong></span> <span class='ocrx_word' id='word_1_221' title='bbox 1299 1764 1376 1815; x_wconf 85' lang='lat' dir='ltr'><strong>(Ir.</strong></span> <span class='ocrx_word' id='word_1_222' title='bbox 1396 1776 1437 1815; x_wconf 89' lang='lat' dir='ltr'><strong>p.</strong></span> <span class='ocrx_word' id='word_1_223' title='bbox 1456 1764 1528 1814; x_wconf 86' lang='lat'><strong>93,</strong></span> <span class='ocrx_word' id='word_1_224' title='bbox 1547 1764 1601 1804; x_wconf 76' lang='lat' dir='ltr'><strong>ci.</strong></span> <span class='ocrx_word' id='word_1_225' title='bbox 1623 1762 1651 1815; x_wconf 63' lang='grc' dir='ltr'>ἓ</span> <span class='ocrx_word' id='word_1_226' title='bbox 1668 1761 1764 1814; x_wconf 84' lang='grc'><strong>120)</strong></span> <span class='ocrx_word' id='word_1_227' title='bbox 1787 1762 2020 1803; x_wconf 65' lang='lat' dir='ltr'><strong>incohant-</strong></span> 
     </span>
    </p>

    <p class='ocr_par' dir='ltr' id='par_1_4' title="bbox 382 1825 2025 2078">
     <span class='ocr_line' id='line_1_25' title="bbox 439 1825 2024 1882; baseline -0.001 -13"><span class='ocrx_word' id='word_1_228' title='bbox 439 1829 465 1881; x_wconf 65' lang='grc' dir='ltr'>ἓ</span> <span class='ocrx_word' id='word_1_229' title='bbox 495 1830 560 1869; x_wconf 85' lang='grc'><strong>91.</strong></span> <span class='ocrx_word' id='word_1_230' title='bbox 621 1829 691 1871; x_wconf 82' lang='lat' dir='ltr'><strong>De</strong></span> <span class='ocrx_word' id='word_1_231' title='bbox 732 1842 799 1882; x_wconf 83' lang='lat' dir='ltr'><strong>ep.</strong></span> <span class='ocrx_word' id='word_1_232' title='bbox 842 1831 937 1871; x_wconf 87' lang='lat'><strong>150</strong></span> <span class='ocrx_word' id='word_1_233' title='bbox 977 1830 1070 1871; x_wconf 85' lang='grc' dir='ltr'><strong>ΑΡ.</strong></span> <span class='ocrx_word' id='word_1_234' title='bbox 1122 1829 1189 1870; x_wconf 91' lang='lat' dir='ltr'><strong>VI.</strong></span> <span class='ocrx_word' id='word_1_235' title='bbox 1233 1829 1316 1870; x_wconf 79' lang='lat'><strong>144</strong></span> <span class='ocrx_word' id='word_1_236' title='bbox 1358 1828 1675 1870; x_wconf 70' lang='lat' dir='ltr'><strong>Anacreonoeo</strong></span> <span class='ocrx_word' id='word_1_237' title='bbox 1716 1828 1761 1869; x_wconf 69' lang='lat' dir='ltr'><strong>et</strong></span> <span class='ocrx_word' id='word_1_238' title='bbox 1805 1825 1873 1868; x_wconf 81' lang='lat' dir='ltr'><strong>VI.</strong></span> <span class='ocrx_word' id='word_1_239' title='bbox 1913 1825 2024 1868; x_wconf 77' lang='lat'><em>213·</em></span> 
     </span>
     <span class='ocr_line' id='line_1_26' title="bbox 383 1891 2025 1947; baseline -0.001 -13"><span class='ocrx_word' id='word_1_240' title='bbox 383 1893 667 1936; x_wconf 76' lang='lat' dir='ltr'><strong>Simonideo.</strong></span> <span class='ocrx_word' id='word_1_241' title='bbox 727 1897 806 1947; x_wconf 89' lang='lat' dir='ltr'><strong>Ep.</strong></span> <span class='ocrx_word' id='word_1_242' title='bbox 855 1896 931 1936; x_wconf 85' lang='lat'><strong>150</strong></span> <span class='ocrx_word' id='word_1_243' title='bbox 972 1897 1128 1947; x_wconf 90' lang='lat' dir='ltr'><strong>legitur</strong></span> <span class='ocrx_word' id='word_1_244' title='bbox 1166 1895 1247 1935; x_wconf 83' lang='grc' dir='ltr'><strong>ΛΡ.</strong></span> <span class='ocrx_word' id='word_1_245' title='bbox 1290 1895 1361 1934; x_wconf 91' lang='lat' dir='ltr'><strong>VI.</strong></span> <span class='ocrx_word' id='word_1_246' title='bbox 1405 1895 1480 1934; x_wconf 78' lang='lat'><strong>144</strong></span> <span class='ocrx_word' id='word_1_247' title='bbox 1525 1893 1635 1944; x_wconf 87' lang='lat' dir='ltr'><strong>(cod.</strong></span> <span class='ocrx_word' id='word_1_248' title='bbox 1677 1905 1719 1945; x_wconf 89' lang='lat' dir='ltr'><strong>p.</strong></span> <span class='ocrx_word' id='word_1_249' title='bbox 1762 1891 1859 1944; x_wconf 76' lang='lat'><strong>166)</strong></span> <span class='ocrx_word' id='word_1_250' title='bbox 1901 1891 2025 1933; x_wconf 74' lang='lat' dir='ltr'><strong>titulo</strong></span> 
     </span>
     <span class='ocr_line' id='line_1_27' title="bbox 383 1957 2025 2012; baseline 0 -14"><span class='ocrx_word' id='word_1_251' title='bbox 383 1960 641 2000; x_wconf 86' lang='lat' dir='ltr'><strong>instructum</strong></span> <span class='ocrx_word' id='word_1_252' title='bbox 678 1963 751 2002; x_wconf 85' lang='grc' dir='ltr'><strong>τοῦ</strong></span> <span class='ocrx_word' id='word_1_253' title='bbox 786 1960 917 2002; x_wconf 79' lang='grc' dir='ltr'><em>αὐτοῦ</em></span> <span class='ocrx_word' id='word_1_254' title='bbox 951 1962 1007 2012; x_wconf 82' lang='grc' dir='ltr'><strong>Α,</strong></span> <span class='ocrx_word' id='word_1_255' title='bbox 1050 1962 1123 2012; x_wconf 89' lang='lat' dir='ltr'><strong>qui</strong></span> <span class='ocrx_word' id='word_1_256' title='bbox 1153 1972 1373 2001; x_wconf 87' lang='lat' dir='ltr'><strong>recurrere</strong></span> <span class='ocrx_word' id='word_1_257' title='bbox 1401 1960 1571 1999; x_wconf 81' lang='lat' dir='ltr'><strong>videtur</strong></span> <span class='ocrx_word' id='word_1_258' title='bbox 1597 1959 1653 1999; x_wconf 86' lang='lat' dir='ltr'><strong>ad</strong></span> <span class='ocrx_word' id='word_1_259' title='bbox 1681 1957 2025 2010; x_wconf 74' lang='lat' dir='ltr'><strong>praecedentium</strong></span> 
     </span>
     <span class='ocr_line' id='line_1_28' title="bbox 382 2021 2024 2078; baseline -0.001 -12"><span class='ocrx_word' id='word_1_260' title='bbox 382 2027 738 2077; x_wconf 87' lang='lat' dir='ltr'><strong>epigrammatum</strong></span> <span class='ocrx_word' id='word_1_261' title='bbox 783 2027 872 2078; x_wconf 90' lang='lat' dir='ltr'><strong>(VI.</strong></span> <span class='ocrx_word' id='word_1_262' title='bbox 917 2027 991 2067; x_wconf 86' lang='grc'><strong>134</strong></span> <span class='ocrx_word' id='word_1_263' title='bbox 1036 2026 1154 2078; x_wconf 85' lang='lat' dir='ltr'><strong>sqq.)</strong></span> <span class='ocrx_word' id='word_1_264' title='bbox 1197 2028 1365 2078; x_wconf 88' lang='lat' dir='ltr'><strong>poetam</strong></span> <span class='ocrx_word' id='word_1_265' title='bbox 1407 2025 1773 2075; x_wconf 74' lang='lat' dir='ltr'><strong>Anaereontem,</strong></span> <span class='ocrx_word' id='word_1_266' title='bbox 1811 2023 1885 2064; x_wconf 82' lang='lat' dir='ltr'><strong>VI.-</strong></span> <span class='ocrx_word' id='word_1_267' title='bbox 1923 2021 2024 2064; x_wconf 80' lang='lat'><strong>218·</strong></span> 
     </span>
    </p>
   </div>
   <div class='ocr_carea' id='block_1_3' title="bbox 306 2087 2021 2143">
    <p class='ocr_par' dir='ltr' id='par_1_5' title="bbox 306 2087 2021 2143">
     <span class='ocr_line' id='line_1_29' title="bbox 306 2087 2021 2143; baseline -0.001 -12"><span class='ocrx_word' id='word_1_268' title='bbox 306 2110 309 2113; x_wconf 46' lang='lat'>*</span> <span class='ocrx_word' id='word_1_269' title='bbox 386 2091 494 2142; x_wconf 88' lang='lat' dir='ltr'><strong>(cod.</strong></span> <span class='ocrx_word' id='word_1_270' title='bbox 529 2104 569 2141; x_wconf 92' lang='lat' dir='ltr'><strong>p.</strong></span> <span class='ocrx_word' id='word_1_271' title='bbox 604 2091 699 2143; x_wconf 84' lang='lat'><strong>179)</strong></span> <span class='ocrx_word' id='word_1_272' title='bbox 738 2095 880 2132; x_wconf 88' lang='lat' dir='ltr'><strong>autem</strong></span> <span class='ocrx_word' id='word_1_273' title='bbox 918 2093 1028 2132; x_wconf 91' lang='lat' dir='ltr'><strong>idem</strong></span> <span class='ocrx_word' id='word_1_274' title='bbox 1067 2092 1217 2132; x_wconf 88' lang='lat' dir='ltr'><strong>titulus</strong></span> <span class='ocrx_word' id='word_1_275' title='bbox 1255 2094 1328 2131; x_wconf 78' lang='grc' dir='ltr'><strong>τοῦ</strong></span> <span class='ocrx_word' id='word_1_276' title='bbox 1366 2089 1496 2131; x_wconf 81' lang='grc' dir='ltr'>αὐτοῦ</span> <span class='ocrx_word' id='word_1_277' title='bbox 1534 2091 1568 2130; x_wconf 77' lang='grc' dir='ltr'><strong>Α</strong></span> <span class='ocrx_word' id='word_1_278' title='bbox 1604 2087 1895 2131; x_wconf 74' lang='lat' dir='ltr'><strong>Simonidem</strong></span> <span class='ocrx_word' id='word_1_279' title='bbox 1929 2087 2021 2141; x_wconf 76' lang='lat' dir='ltr'><strong>(VI.</strong></span> 
     </span>
    </p>
   </div>
   <div class='ocr_carea' id='block_1_4' title="bbox 386 2183 598 2188">
    <p class='ocr_par' dir='ltr' id='par_1_6' title="bbox 386 2183 598 2188">
     <span class='ocr_line' id='line_1_30' title="bbox 386 2183 598 2188; baseline 0 0"><span class='ocrx_word' id='word_1_280' title='bbox 386 2183 598 2188; x_wconf 95' lang='lat' dir='ltr'><strong> </strong></span> 
     </span>
    </p>
   </div>
   <div class='ocr_carea' id='block_1_5' title="bbox 381 2225 2027 3011">
    <p class='ocr_par' dir='ltr' id='par_1_7' title="bbox 381 2225 2027 2448">
     <span class='ocr_line' id='line_1_31' title="bbox 428 2225 2026 2279; baseline -0.001 -11"><span class='ocrx_word' id='word_1_281' title='bbox 428 2234 492 2276; x_wconf 84' lang='lat'>1¹5)</span> <span class='ocrx_word' id='word_1_282' title='bbox 539 2236 587 2268; x_wconf 87' lang='lat' dir='ltr'><strong>De</strong></span> <span class='ocrx_word' id='word_1_283' title='bbox 611 2237 696 2270; x_wconf 82' lang='lat' dir='ltr'><strong>Soro</strong></span> <span class='ocrx_word' id='word_1_284' title='bbox 719 2238 763 2271; x_wconf 82' lang='lat' dir='ltr'><strong>cf.</strong></span> <span class='ocrx_word' id='word_1_285' title='bbox 790 2238 1027 2270; x_wconf 78' lang='lat' dir='ltr'><strong>Reitzenstein</strong></span> <span class='ocrx_word' id='word_1_286' title='bbox 1053 2247 1084 2279; x_wconf 86' lang='lat' dir='ltr'><strong>p.</strong></span> <span class='ocrx_word' id='word_1_287' title='bbox 1107 2235 1174 2270; x_wconf 91' lang='grc'><strong>100</strong></span> <span class='ocrx_word' id='word_1_288' title='bbox 1197 2246 1293 2278; x_wconf 85' lang='lat' dir='ltr'><strong>sqq.‚</strong></span> <span class='ocrx_word' id='word_1_289' title='bbox 1318 2225 1501 2278; x_wconf 79' lang='lat' dir='ltr'><strong>Radinger&#39;</strong></span> <span class='ocrx_word' id='word_1_290' title='bbox 1519 2245 1549 2277; x_wconf 86' lang='lat' dir='ltr'><strong>p.</strong></span> <span class='ocrx_word' id='word_1_291' title='bbox 1573 2233 1651 2267; x_wconf 69' lang='lat'><strong>3⁰4.</strong></span> <span class='ocrx_word' id='word_1_292' title='bbox 1684 2233 1724 2267; x_wconf 84' lang='lat' dir='ltr'><strong>In</strong></span> <span class='ocrx_word' id='word_1_293' title='bbox 1747 2232 1834 2267; x_wconf 79' lang='lat' dir='ltr'><strong>Soro</strong></span> <span class='ocrx_word' id='word_1_294' title='bbox 1855 2232 1927 2266; x_wconf 74' lang='lat' dir='ltr'><strong>ian</strong></span> <span class='ocrx_word' id='word_1_295' title='bbox 1948 2231 2026 2274; x_wconf 71' lang='lat' dir='ltr'><strong>ipso</strong></span> 
     </span>
     <span class='ocr_line' id='line_1_32' title="bbox 383 2288 2027 2335; baseline -0.002 -11"><span class='ocrx_word' id='word_1_296' title='bbox 383 2292 523 2333; x_wconf 81' lang='lat' dir='ltr'><strong>saepius</strong></span> <span class='ocrx_word' id='word_1_297' title='bbox 554 2292 710 2334; x_wconf 84' lang='lat' dir='ltr'><strong>dignosci</strong></span> <span class='ocrx_word' id='word_1_298' title='bbox 743 2303 812 2326; x_wconf 89' lang='lat' dir='ltr'><strong>non</strong></span> <span class='ocrx_word' id='word_1_299' title='bbox 846 2297 1000 2335; x_wconf 81' lang='lat' dir='ltr'><strong>poterat,</strong></span> <span class='ocrx_word' id='word_1_300' title='bbox 1034 2297 1155 2325; x_wconf 90' lang='lat' dir='ltr'><strong>utrum</strong></span> <span class='ocrx_word' id='word_1_301' title='bbox 1190 2291 1404 2334; x_wconf 80' lang='lat' dir='ltr'><strong>Asclepiadis</strong></span> <span class='ocrx_word' id='word_1_302' title='bbox 1433 2301 1479 2324; x_wconf 78' lang='lat' dir='ltr'><strong>an</strong></span> <span class='ocrx_word' id='word_1_303' title='bbox 1513 2290 1639 2333; x_wconf 77' lang='lat' dir='ltr'><strong>Hedyli</strong></span> <span class='ocrx_word' id='word_1_304' title='bbox 1665 2298 1712 2322; x_wconf 70' lang='lat' dir='ltr'><strong>tn</strong></span> <span class='ocrx_word' id='word_1_305' title='bbox 1737 2288 1911 2331; x_wconf 71' lang='lat' dir='ltr'><strong>Posidippi</strong></span> <span class='ocrx_word' id='word_1_306' title='bbox 1930 2290 2027 2322; x_wconf 68' lang='lat' dir='ltr'><strong>eunt</strong></span> 
     </span>
     <span class='ocr_line' id='line_1_33' title="bbox 384 2341 2025 2391; baseline 0.002 -12"><span class='ocrx_word' id='word_1_307' title='bbox 384 2349 622 2390; x_wconf 79' lang='lat' dir='ltr'><strong>epigramma:</strong></span> <span class='ocrx_word' id='word_1_308' title='bbox 667 2350 760 2382; x_wconf 87' lang='lat' dir='ltr'><strong>unde</strong></span> <span class='ocrx_word' id='word_1_309' title='bbox 804 2350 900 2382; x_wconf 90' lang='lat' dir='ltr'><strong>tituli</strong></span> <span class='ocrx_word' id='word_1_310' title='bbox 942 2350 1100 2391; x_wconf 79' lang='lat' dir='ltr'><strong>duplices</strong></span> <span class='ocrx_word' id='word_1_311' title='bbox 1141 2348 1351 2391; x_wconf 76' lang='lat' dir='ltr'><strong>Meleagrei:</strong></span> <span class='ocrx_word' id='word_1_312' title='bbox 1392 2344 1650 2389; x_wconf 68' lang='grc' dir='ltr'><strong>Ἀσκληπιάδου</strong></span> <span class='ocrx_word' id='word_1_313' title='bbox 1692 2342 1716 2388; x_wconf 75' lang='grc' dir='ltr'><em>ἢ</em></span> <span class='ocrx_word' id='word_1_314' title='bbox 1758 2341 2025 2383; x_wconf 62' lang='lat' dir='ltr'><strong>Itomae-mv,</strong></span> 
     </span>
     <span class='ocr_line' id='line_1_34' title="bbox 381 2401 873 2448; baseline 0.004 -12"><span class='ocrx_word' id='word_1_315' title='bbox 381 2401 536 2436; x_wconf 77' lang='grc' dir='ltr'><strong><em>Ἡδύλου</em></strong></span> <span class='ocrx_word' id='word_1_316' title='bbox 562 2402 583 2447; x_wconf 87' lang='grc' dir='ltr'><em>ἢ</em></span> <span class='ocrx_word' id='word_1_317' title='bbox 605 2402 873 2448; x_wconf 76' lang='grc' dir='ltr'><strong>Ἀσκληπιάδου.</strong></span> 
     </span>
    </p>

    <p class='ocr_par' dir='ltr' id='par_1_8' title="bbox 385 2456 2026 2617">
     <span class='ocr_line' id='line_1_35' title="bbox 430 2456 2026 2504; baseline -0.002 -11"><span class='ocrx_word' id='word_1_318' title='bbox 430 2459 492 2501; x_wconf 72' lang='grc'><strong>116)</strong></span> <span class='ocrx_word' id='word_1_319' title='bbox 540 2461 601 2494; x_wconf 88' lang='lat' dir='ltr'><strong>Vix</strong></span> <span class='ocrx_word' id='word_1_320' title='bbox 626 2463 773 2495; x_wconf 87' lang='lat' dir='ltr'><strong>lectores</strong></span> <span class='ocrx_word' id='word_1_321' title='bbox 797 2463 963 2495; x_wconf 88' lang='lat' dir='ltr'><strong>mouendi</strong></span> <span class='ocrx_word' id='word_1_322' title='bbox 988 2467 1074 2495; x_wconf 80' lang='lat' dir='ltr'><strong>sunt</strong></span> <span class='ocrx_word' id='word_1_323' title='bbox 1098 2462 1163 2495; x_wconf 80' lang='lat' dir='ltr'><strong>lioc</strong></span> <span class='ocrx_word' id='word_1_324' title='bbox 1185 2462 1407 2504; x_wconf 71' lang='lat' dir='ltr'><strong>epigramma</strong></span> <span class='ocrx_word' id='word_1_325' title='bbox 1429 2471 1450 2493; x_wconf 82' lang='lat' dir='ltr'><strong>a</strong></span> <span class='ocrx_word' id='word_1_326' title='bbox 1472 2460 1651 2502; x_wconf 72' lang='lat' dir='ltr'><strong>Meleagro</strong></span> <span class='ocrx_word' id='word_1_327' title='bbox 1670 2458 1733 2492; x_wconf 87' lang='lat' dir='ltr'><strong>uni</strong></span> <span class='ocrx_word' id='word_1_328' title='bbox 1751 2467 1795 2492; x_wconf 81' lang='lat' dir='ltr'><strong>ex</strong></span> <span class='ocrx_word' id='word_1_329' title='bbox 1815 2456 1893 2492; x_wconf 80' lang='lat' dir='ltr'><strong>Sori</strong></span> <span class='ocrx_word' id='word_1_330' title='bbox 1913 2456 2026 2500; x_wconf 57' lang='lat' dir='ltr'><strong>pon&amp;</strong></span> 
     </span>
     <span class='ocr_line' id='line_1_36' title="bbox 385 2511 2025 2561; baseline 0 -13"><span class='ocrx_word' id='word_1_331' title='bbox 385 2516 494 2550; x_wconf 77' lang='lat' dir='ltr'><strong>fuisse</strong></span> <span class='ocrx_word' id='word_1_332' title='bbox 517 2519 755 2560; x_wconf 78' lang='lat' dir='ltr'><strong>assignatum,</strong></span> <span class='ocrx_word' id='word_1_333' title='bbox 789 2523 925 2561; x_wconf 82' lang='lat' dir='ltr'><strong>postea,</strong></span> <span class='ocrx_word' id='word_1_334' title='bbox 952 2530 1073 2552; x_wconf 73' lang='lat' dir='ltr'><strong>verum</strong></span> <span class='ocrx_word' id='word_1_335' title='bbox 1098 2522 1181 2551; x_wconf 86' lang='lat' dir='ltr'><strong>ante</strong></span> <span class='ocrx_word' id='word_1_336' title='bbox 1205 2517 1418 2560; x_wconf 67' lang='lat' dir='ltr'><strong>Cephalaim</strong></span> <span class='ocrx_word' id='word_1_337' title='bbox 1442 2526 1559 2549; x_wconf 88' lang='lat' dir='ltr'><strong>errore</strong></span> <span class='ocrx_word' id='word_1_338' title='bbox 1582 2516 1703 2558; x_wconf 83' lang='lat' dir='ltr'><strong>aliquo</strong></span> <span class='ocrx_word' id='word_1_339' title='bbox 1724 2513 1896 2548; x_wconf 84' lang='lat' dir='ltr'><strong>Simonidi</strong></span> <span class='ocrx_word' id='word_1_340' title='bbox 1916 2511 2025 2555; x_wconf 69' lang='lat' dir='ltr'><strong>obve-</strong></span> 
     </span>
     <span class='ocr_line' id='line_1_37' title="bbox 387 2572 1266 2617; baseline 0.002 -13"><span class='ocrx_word' id='word_1_341' title='bbox 387 2572 489 2605; x_wconf 80' lang='lat' dir='ltr'><strong>nisse.</strong></span> <span class='ocrx_word' id='word_1_342' title='bbox 526 2574 624 2612; x_wconf 87' lang='lat' dir='ltr'><strong>Quod</strong></span> <span class='ocrx_word' id='word_1_343' title='bbox 649 2575 718 2608; x_wconf 87' lang='lat' dir='ltr'><strong>iam</strong></span> <span class='ocrx_word' id='word_1_344' title='bbox 746 2576 911 2608; x_wconf 84' lang='lat' dir='ltr'><strong>viderunt</strong></span> <span class='ocrx_word' id='word_1_345' title='bbox 933 2575 1058 2608; x_wconf 83' lang='lat' dir='ltr'><strong>Jacobs</strong></span> <span class='ocrx_word' id='word_1_346' title='bbox 1081 2579 1118 2607; x_wconf 89' lang='lat' dir='ltr'><strong>et</strong></span> <span class='ocrx_word' id='word_1_347' title='bbox 1143 2575 1266 2617; x_wconf 80' lang='lat' dir='ltr'><strong>Bergk.</strong></span> 
     </span>
    </p>

    <p class='ocr_par' dir='ltr' id='par_1_9' title="bbox 383 2625 2027 3011">
     <span class='ocr_line' id='line_1_38' title="bbox 433 2625 2025 2674; baseline -0.001 -12"><span class='ocrx_word' id='word_1_348' title='bbox 433 2628 494 2667; x_wconf 81' lang='lat'><strong>¹¹7)</strong></span> <span class='ocrx_word' id='word_1_349' title='bbox 540 2630 581 2663; x_wconf 78' lang='lat' dir='ltr'><strong>P.</strong></span> <span class='ocrx_word' id='word_1_350' title='bbox 601 2631 820 2664; x_wconf 78' lang='lat' dir='ltr'><strong>Sakolowski</strong></span> <span class='ocrx_word' id='word_1_351' title='bbox 841 2631 899 2667; x_wconf 82' lang='lat' dir='ltr'><strong>(de</strong></span> <span class='ocrx_word' id='word_1_352' title='bbox 921 2632 986 2664; x_wconf 80' lang='grc' dir='ltr'><strong>ΑΡ.</strong></span> <span class='ocrx_word' id='word_1_353' title='bbox 1008 2632 1251 2674; x_wconf 81' lang='lat' dir='ltr'><strong>quaestiones,</strong></span> <span class='ocrx_word' id='word_1_354' title='bbox 1275 2631 1356 2663; x_wconf 79' lang='lat' dir='ltr'><strong>diss.</strong></span> <span class='ocrx_word' id='word_1_355' title='bbox 1378 2630 1516 2671; x_wconf 56' lang='lat' dir='ltr'><strong>inaug„</strong></span> <span class='ocrx_word' id='word_1_356' title='bbox 1537 2629 1627 2671; x_wconf 79' lang='lat' dir='ltr'><strong>Lips.</strong></span> <span class='ocrx_word' id='word_1_357' title='bbox 1647 2626 1752 2668; x_wconf 75' lang='lat'>1893)</span> <span class='ocrx_word' id='word_1_358' title='bbox 1771 2625 1860 2670; x_wconf 53' lang='lat'><strong>9218</strong></span> <span class='ocrx_word' id='word_1_359' title='bbox 1877 2626 2025 2660; x_wconf 77' lang='lat' dir='ltr'><strong>demon-</strong></span> 
     </span>
     <span class='ocr_line' id='line_1_39' title="bbox 387 2684 2026 2729; baseline -0.001 -12"><span class='ocrx_word' id='word_1_360' title='bbox 387 2689 515 2718; x_wconf 78' lang='lat' dir='ltr'><strong>strasse</strong></span> <span class='ocrx_word' id='word_1_361' title='bbox 538 2697 574 2718; x_wconf 87' lang='lat' dir='ltr'><strong>se</strong></span> <span class='ocrx_word' id='word_1_362' title='bbox 600 2691 702 2728; x_wconf 84' lang='lat' dir='ltr'><strong>putat</strong></span> <span class='ocrx_word' id='word_1_363' title='bbox 724 2687 915 2729; x_wconf 77' lang='lat' dir='ltr'><strong>cephalam</strong></span> <span class='ocrx_word' id='word_1_364' title='bbox 941 2689 977 2720; x_wconf 87' lang='lat' dir='ltr'><strong>iu</strong></span> <span class='ocrx_word' id='word_1_365' title='bbox 1003 2688 1091 2720; x_wconf 90' lang='lat' dir='ltr'><strong>libro</strong></span> <span class='ocrx_word' id='word_1_366' title='bbox 1115 2687 1161 2720; x_wconf 83' lang='lat' dir='ltr'><strong>Xl</strong></span> <span class='ocrx_word' id='word_1_367' title='bbox 1186 2686 1426 2729; x_wconf 84' lang='lat' dir='ltr'><strong>componendo</strong></span> <span class='ocrx_word' id='word_1_368' title='bbox 1446 2686 1619 2718; x_wconf 82' lang='lat' dir='ltr'><strong>Coronam</strong></span> <span class='ocrx_word' id='word_1_369' title='bbox 1636 2684 1871 2727; x_wconf 62' lang='lat' dir='ltr'><strong>Meleagream</strong></span> <span class='ocrx_word' id='word_1_370' title='bbox 1887 2685 2026 2726; x_wconf 71' lang='lat' dir='ltr'><strong>praesto</strong></span> 
     </span>
     <span class='ocr_line' id='line_1_40' title="bbox 388 2738 2025 2787; baseline -0.001 -14"><span class='ocrx_word' id='word_1_371' title='bbox 388 2751 456 2774; x_wconf 90' lang='lat' dir='ltr'><strong>non</strong></span> <span class='ocrx_word' id='word_1_372' title='bbox 483 2741 658 2776; x_wconf 74' lang='lat' dir='ltr'><strong>habuisse.</strong></span> <span class='ocrx_word' id='word_1_373' title='bbox 682 2744 780 2783; x_wconf 89' lang='lat' dir='ltr'><strong>Quod</strong></span> <span class='ocrx_word' id='word_1_374' title='bbox 807 2745 875 2777; x_wconf 83' lang='lat' dir='ltr'><strong>iam</strong></span> <span class='ocrx_word' id='word_1_375' title='bbox 902 2755 962 2787; x_wconf 87' lang='lat' dir='ltr'><strong>per</strong></span> <span class='ocrx_word' id='word_1_376' title='bbox 984 2755 1021 2777; x_wconf 85' lang='lat' dir='ltr'><strong>se</strong></span> <span class='ocrx_word' id='word_1_377' title='bbox 1048 2744 1148 2777; x_wconf 77' lang='lat' dir='ltr'><strong>valde</strong></span> <span class='ocrx_word' id='word_1_378' title='bbox 1171 2743 1402 2785; x_wconf 83' lang='lat' dir='ltr'><strong>improbabile</strong></span> <span class='ocrx_word' id='word_1_379' title='bbox 1426 2742 1583 2781; x_wconf 60' lang='lat' dir='ltr'><strong>videtum</strong></span> <span class='ocrx_word' id='word_1_380' title='bbox 1607 2742 1640 2774; x_wconf 90' lang='lat' dir='ltr'><strong>id</strong></span> <span class='ocrx_word' id='word_1_381' title='bbox 1665 2750 1746 2774; x_wconf 81' lang='lat' dir='ltr'><strong>vero</strong></span> <span class='ocrx_word' id='word_1_382' title='bbox 1761 2738 2025 2782; x_wconf 58' lang='grc' dir='ltr'><strong>ἠνειμυδιη</strong></span> 
     </span>
     <span class='ocr_line' id='line_1_41' title="bbox 388 2794 2027 2843; baseline -0.001 -14"><span class='ocrx_word' id='word_1_383' title='bbox 388 2808 456 2830; x_wconf 87' lang='lat' dir='ltr'><strong>non</strong></span> <span class='ocrx_word' id='word_1_384' title='bbox 490 2799 603 2840; x_wconf 68' lang='lat' dir='ltr'><strong>potim</strong></span> <span class='ocrx_word' id='word_1_385' title='bbox 636 2800 701 2832; x_wconf 90' lang='lat' dir='ltr'><strong>nisi</strong></span> <span class='ocrx_word' id='word_1_386' title='bbox 732 2802 894 2834; x_wconf 90' lang='lat' dir='ltr'><strong>omnium</strong></span> <span class='ocrx_word' id='word_1_387' title='bbox 928 2801 1244 2843; x_wconf 80' lang='lat' dir='ltr'><strong>epigrammatum,</strong></span> <span class='ocrx_word' id='word_1_388' title='bbox 1276 2810 1369 2842; x_wconf 83' lang='lat' dir='ltr'><strong>quae</strong></span> <span class='ocrx_word' id='word_1_389' title='bbox 1403 2800 1514 2841; x_wconf 88' lang='lat' dir='ltr'><strong>poetis</strong></span> <span class='ocrx_word' id='word_1_390' title='bbox 1544 2798 1751 2839; x_wconf 73' lang='lat' dir='ltr'><strong>Meleagreis</strong></span> <span class='ocrx_word' id='word_1_391' title='bbox 1780 2797 1818 2830; x_wconf 83' lang='lat' dir='ltr'><strong>iu</strong></span> <span class='ocrx_word' id='word_1_392' title='bbox 1850 2795 1916 2829; x_wconf 77' lang='lat' dir='ltr'><strong>hoe</strong></span> <span class='ocrx_word' id='word_1_393' title='bbox 1936 2794 2027 2829; x_wconf 71' lang='lat' dir='ltr'><strong>{ihm</strong></span> 
     </span>
     <span class='ocr_line' id='line_1_42' title="bbox 387 2851 2026 2899; baseline -0.001 -14"><span class='ocrx_word' id='word_1_394' title='bbox 387 2854 614 2896; x_wconf 84' lang='lat' dir='ltr'><strong>tribuuntur,</strong></span> <span class='ocrx_word' id='word_1_395' title='bbox 639 2857 753 2889; x_wconf 87' lang='lat' dir='ltr'><strong>titulis</strong></span> <span class='ocrx_word' id='word_1_396' title='bbox 778 2868 837 2899; x_wconf 84' lang='lat' dir='ltr'><strong>pro</strong></span> <span class='ocrx_word' id='word_1_397' title='bbox 861 2857 958 2890; x_wconf 78' lang='lat' dir='ltr'><strong>falsis</strong></span> <span class='ocrx_word' id='word_1_398' title='bbox 983 2857 1113 2890; x_wconf 80' lang='lat' dir='ltr'><strong>habitis</strong></span> <span class='ocrx_word' id='word_1_399' title='bbox 1135 2857 1216 2899; x_wconf 72' lang='lat' dir='ltr'><strong>(eg.</strong></span> <span class='ocrx_word' id='word_1_400' title='bbox 1240 2857 1538 2898; x_wconf 80' lang='lat' dir='ltr'><strong>epigrammatum</strong></span> <span class='ocrx_word' id='word_1_401' title='bbox 1564 2855 1621 2887; x_wconf 83' lang='grc' dir='ltr'><strong>ΧΙ.</strong></span> <span class='ocrx_word' id='word_1_402' title='bbox 1645 2852 1710 2886; x_wconf 71' lang='lat'><strong>123</strong></span> <span class='ocrx_word' id='word_1_403' title='bbox 1733 2857 1770 2886; x_wconf 84' lang='lat' dir='ltr'><strong>et</strong></span> <span class='ocrx_word' id='word_1_404' title='bbox 1788 2851 1855 2886; x_wconf 65' lang='lat'><strong>⁴¹4</strong></span> <span class='ocrx_word' id='word_1_405' title='bbox 1874 2851 2026 2892; x_wconf 65' lang='lat' dir='ltr'><strong>titulun</strong></span> 
     </span>
     <span class='ocr_line' id='line_1_43' title="bbox 383 2904 2026 2954; baseline 0.001 -13"><span class='ocrx_word' id='word_1_406' title='bbox 383 2907 539 2942; x_wconf 74' lang='grc' dir='ltr'><em>Ἡδύλου</em></span> <span class='ocrx_word' id='word_1_407' title='bbox 574 2921 615 2943; x_wconf 87' lang='lat' dir='ltr'><strong>ex</strong></span> <span class='ocrx_word' id='word_1_408' title='bbox 651 2908 777 2944; x_wconf 72' lang='grc' dir='ltr'><strong>ταύτοῦ</strong></span> <span class='ocrx_word' id='word_1_409' title='bbox 810 2914 1040 2954; x_wconf 80' lang='lat' dir='ltr'><strong>depravatum</strong></span> <span class='ocrx_word' id='word_1_410' title='bbox 1072 2923 1148 2946; x_wconf 82' lang='lat' dir='ltr'><strong>csse</strong></span> <span class='ocrx_word' id='word_1_411' title='bbox 1181 2912 1370 2945; x_wconf 87' lang='lat' dir='ltr'><strong>lectoribus</strong></span> <span class='ocrx_word' id='word_1_412' title='bbox 1403 2910 1613 2954; x_wconf 75' lang='lat' dir='ltr'><strong>persuadere</strong></span> <span class='ocrx_word' id='word_1_413' title='bbox 1645 2908 1770 2949; x_wconf 70' lang='lat' dir='ltr'><strong>voluit)</strong></span> <span class='ocrx_word' id='word_1_414' title='bbox 1803 2916 1920 2951; x_wconf 73' lang='lat' dir='ltr'><strong>neque</strong></span> <span class='ocrx_word' id='word_1_415' title='bbox 1948 2904 2026 2950; x_wconf 62' lang='grc' dir='ltr'><strong>θρί-</strong></span> 
     </span>
     <span class='ocr_line' id='line_1_44' title="bbox 388 2965 2024 3011; baseline -0.001 -14"><span class='ocrx_word' id='word_1_416' title='bbox 388 2970 583 3007; x_wconf 76' lang='lat' dir='ltr'><strong>grammate</strong></span> <span class='ocrx_word' id='word_1_417' title='bbox 609 2971 727 3000; x_wconf 86' lang='lat' dir='ltr'><strong>nostro</strong></span> <span class='ocrx_word' id='word_1_418' title='bbox 752 2968 807 3001; x_wconf 83' lang='lat' dir='ltr'><strong>Xl.</strong></span> <span class='ocrx_word' id='word_1_419' title='bbox 830 2967 881 3010; x_wconf 62' lang='grc' dir='ltr'><strong>θ’,</strong></span> <span class='ocrx_word' id='word_1_420' title='bbox 906 2969 1035 3011; x_wconf 84' lang='lat' dir='ltr'><strong>quippe</strong></span> <span class='ocrx_word' id='word_1_421' title='bbox 1060 2969 1153 3010; x_wconf 84' lang='lat' dir='ltr'><strong>quod</strong></span> <span class='ocrx_word' id='word_1_422' title='bbox 1179 2969 1214 3000; x_wconf 87' lang='lat' dir='ltr'><strong>in</strong></span> <span class='ocrx_word' id='word_1_423' title='bbox 1238 2967 1455 3001; x_wconf 82' lang='lat' dir='ltr'><strong>editionibus</strong></span> <span class='ocrx_word' id='word_1_424' title='bbox 1474 2966 1592 2999; x_wconf 67' lang='lat' dir='ltr'><strong>iterari</strong></span> <span class='ocrx_word' id='word_1_425' title='bbox 1614 2975 1684 2998; x_wconf 90' lang='lat' dir='ltr'><strong>non</strong></span> <span class='ocrx_word' id='word_1_426' title='bbox 1705 2966 1834 3005; x_wconf 79' lang='lat' dir='ltr'><strong>solent,</strong></span> <span class='ocrx_word' id='word_1_427' title='bbox 1857 2965 2024 3006; x_wconf 66' lang='lat' dir='ltr'><strong>respecta.</strong></span> 
     </span>
    </p>
   </div>
   <div class='ocr_carea' id='block_1_6' title="bbox 389 3019 2024 3111">
    <p class='ocr_par' dir='ltr' id='par_1_10' title="bbox 389 3019 2024 3111">
     <span class='ocr_line' id='line_1_45' title="bbox 389 3019 2024 3065; baseline 0 -13"><span class='ocrx_word' id='word_1_428' title='bbox 389 3021 574 3054; x_wconf 78' lang='lat' dir='ltr'><strong>Praeterea</strong></span> <span class='ocrx_word' id='word_1_429' title='bbox 596 3032 674 3065; x_wconf 84' lang='lat' dir='ltr'><strong>epp.</strong></span> <span class='ocrx_word' id='word_1_430' title='bbox 699 3024 756 3056; x_wconf 74' lang='lat' dir='ltr'><strong>xl.</strong></span> <span class='ocrx_word' id='word_1_431' title='bbox 780 3023 865 3057; x_wconf 78' lang='lat'><strong>361·</strong></span> <span class='ocrx_word' id='word_1_432' title='bbox 888 3026 925 3056; x_wconf 89' lang='lat' dir='ltr'><strong>et</strong></span> <span class='ocrx_word' id='word_1_433' title='bbox 947 3023 1015 3056; x_wconf 79' lang='lat'><strong>363</strong></span> <span class='ocrx_word' id='word_1_434' title='bbox 1037 3023 1274 3065; x_wconf 81' lang='lat' dir='ltr'><strong>Callimacho,</strong></span> <span class='ocrx_word' id='word_1_435' title='bbox 1298 3022 1365 3055; x_wconf 69' lang='lat'><strong>36:³-</strong></span> <span class='ocrx_word' id='word_1_436' title='bbox 1390 3023 1579 3056; x_wconf 83' lang='lat' dir='ltr'><strong>Dioscoridi</strong></span> <span class='ocrx_word' id='word_1_437' title='bbox 1602 3032 1647 3055; x_wconf 86' lang='lat' dir='ltr'><strong>ne</strong></span> <span class='ocrx_word' id='word_1_438' title='bbox 1670 3022 1743 3064; x_wconf 86' lang='lat' dir='ltr'><strong>ipse</strong></span> <span class='ocrx_word' id='word_1_439' title='bbox 1765 3020 1912 3063; x_wconf 82' lang='lat' dir='ltr'><strong>quidem</strong></span> <span class='ocrx_word' id='word_1_440' title='bbox 1935 3030 1967 3053; x_wconf 79' lang='lat' dir='ltr'><strong>v.</strong></span> <span class='ocrx_word' id='word_1_441' title='bbox 1989 3019 2024 3052; x_wconf 73' lang='lat' dir='ltr'><strong>d.</strong></span> 
     </span>
     <span class='ocr_line' id='line_1_46' title="bbox 389 3076 730 3111; baseline 0.009 -3"><span class='ocrx_word' id='word_1_442' title='bbox 389 3076 588 3110; x_wconf 79' lang='lat' dir='ltr'><strong>abiudieare</strong></span> <span class='ocrx_word' id='word_1_443' title='bbox 611 3079 730 3111; x_wconf 80' lang='lat' dir='ltr'><strong>audet.</strong></span> 
     </span>
    </p>
   </div>
  </div>
 </body>
</html>
