2072 3568
943 247 1021 288 233
1515 246 1541 299 ξ
1572 247 1649 287 136
1660 278 1671 298 ,
1705 247 1796 288 137.

162 372 268 413 ieci-a
295 373 429 422 esset,
462 372 799 411 demonstratum
829 374 894 411 est
924 371 950 424 ξ
981 372 1044 412 60.
1080 372 1313 411 Discrimen
1344 372 1579 411 formarum
1608 372 1658 411 A¹
1685 375 1725 411 et
1749 371 1800 411 A²

57 429 111 452 ²⁵
163 438 402 478 ostenditur
438 438 482 476 in
520 438 771 477 lectionibus
809 438 968 477 tribus:
1008 450 1097 477 var.
1140 439 1164 477 5
1199 438 1251 476 A·
1290 436 1426 490 ἐπέχει
1454 459 1514 483 ⁴——
1553 437 1602 476 A²
1631 437 1806 489 §manser

94 538 96 540 ,
165 515 255 542 var.
289 503 312 542 7
341 502 392 542 ΑΙ
423 505 610 542 τοιοῦτον
638 524 690 530 --
719 502 773 542 A²
792 501 980 551 κάλλιον;
1003 515 1094 542 var.
1121 503 1170 542 10
1188 503 1241 542 A·
1263 501 1448 555 ᾹΙήὸους
1468 525 1517 531 —--
1539 503 1592 541 A*
1612 501 1795 555 ΛΙήὸων.

50 611 75 625 „n
97 587 102 590 ¹·
165 567 273 609 cum
307 580 373 618 ep.
414 567 496 606 ΑΡ.
539 568 633 606 VII.
676 568 754 607 296
790 568 834 606 in
865 579 1018 607 versus
1048 569 1070 606 7
1099 568 1214 607 exitu
1243 569 1440 607 lacunam
1469 568 1617 618 habet,
1660 568 1800 606 dirimi

97 636 126 651 ²
164 634 332 683 nequit,
371 635 517 672 utrum
546 633 589 672 in
618 633 756 672 forma
785 631 858 684 A2,
897 646 921 672 a
951 634 1180 673 Collectore
1208 635 1439 683 usurpata,
1479 636 1526 673 ut
1554 634 1597 672 in
1626 633 1692 683 A',
1725 632 1797 672 ὑπ’

164 697 282 750 αὐτῷ
309 709 387 748 an,
420 700 468 737 ut
494 698 538 736 in
567 697 642 748 A³,
675 697 749 737 ὑπ’
781 697 922 748 ᾳῦτῶν
950 699 1174 749 legeretur.

49 756 106 831 ζ
180 791 184 793 -
218 764 256 803 3.
315 764 648 814 Epigrammatis
680 764 755 803 140
783 766 831 803 ut
858 765 967 803 trad.
996 765 1030 803 A
1058 764 1241 803 dilucide
1268 776 1317 803 eo
1346 764 1610 814 dignoscitur
1634 776 1658 803 a
1688 764 1796 803 trad.

168 829 221 880 S,
261 830 376 880 quod
412 830 616 870 Collector
644 830 781 868 forma
809 830 1128 880 epigrammatis
1159 829 1248 868 aab
1278 841 1362 868 non
1391 829 1599 868 intellecta
1628 841 1800 868 versum

164 894 371 948 minorem
409 896 505 945 post
542 895 727 944 priorem
764 895 966 934 maiorem
1004 895 1179 933 intrusit
1216 893 1286 945 (cf.
1316 895 1587 933 Wilamowitz
1616 907 1656 944 p.
1686 893 1797 944 312),

55 957 103 977 ²
164 959 222 999 ita
267 960 371 1010 quid
417 961 652 1010 invenerit,
703 960 806 1010 quid
852 960 1014 998 dederit
1060 960 1265 999 Collector
1310 960 1565 1009 comparatis
1606 959 1715 998 inter
1758 971 1803 998 se

45 1035 59 1042 ’
165 1025 417 1065 testimoniis
455 1025 731 1064 traditionum
768 1025 802 1064 A
843 1024 971 1073 (Plut.
1009 1025 1135 1063 Arist.
1176 1024 1224 1063 19
1262 1027 1302 1064 et
1336 1025 1388 1063 de
1417 1025 1518 1063 Her.
1548 1025 1643 1063 mal.
1671 1025 1721 1063 42
1750 1041 1803 1056 =

166 1091 271 1129 Mor.
304 1090 382 1130 867
410 1089 445 1140 f)
486 1092 526 1129 et
564 1090 592 1130 S
632 1089 732 1141 (ΑΡ.
761 1091 832 1129 VI.
866 1089 917 1130 50
953 1091 993 1129 et
1023 1090 1118 1128 APl.
1146 1090 1217 1128 VI.
1253 1090 1314 1128 19.
1351 1088 1391 1138 1)
1422 1089 1603 1128 diversis
1631 1089 1801 1128 demum

120 1148 124 1154 ’
165 1156 365 1196 constitui
394 1157 544 1206 potest.

152 1249 154 1251 »
219 1221 346 1260 Trad.
376 1222 409 1260 A
439 1220 619 1272 (textum
648 1221 826 1260 exhibeo
853 1221 971 1260 Vitae
1000 1221 1126 1260 Arist.
1154 1221 1330 1260 inclusis
1359 1220 1553 1259 cancellis
1580 1220 1802 1258 Moralium

165 1284 436 1337 lectionibus)
472 1287 532 1326 sic
560 1287 758 1337 legitur:'

166 1349 287 1392 τόνδε
313 1351 436 1391 ποθ’
466 1351 589 1403 (Mor.
618 1351 741 1403 μεθ’)
765 1349 961 1402 Ἕλληνες
989 1350 1123 1395 νίκας
1153 1350 1327 1402 (Μ.-ην)
1356 1349 1495 1401 κράτει
1520 1347 1803 1401 ἔργῳἍρηος

166 1413 340 1468 Πέρσας
367 1415 650 1463 ἐξελάσαντες,
679 1415 922 1467 ἐλεύθερον
954 1415 1103 1468 (Μ.-ᾳ)
1129 1414 1294 1455 Ἑλλάδι
1322 1413 1466 1455 κοινὸν

220 1480 444 1533 ἱδρύσαντο
473 1480 572 1526 Διὸς
598 1480 753 1533 βωμὸν
775 1480 1057 1533 Ἐλευθερίου.

168 1547 369 1587 Errorem
396 1559 490 1587 esse
517 1546 634 1599 μεθ’,
668 1548 948 1598 depravatum
978 1559 1072 1586 esse
1100 1545 1219 1598 νίκην
1243 1558 1294 1585 ex
1318 1545 1456 1597 νίκης,
1490 1546 1603 1595 quod
1624 1544 1805 1588 ὶηνίκας

47 1610 105 1667 ἐξ,
167 1613 212 1652 in
249 1613 329 1652 Vit.
367 1613 437 1653 Ar.
475 1615 724 1664 corruptum
763 1614 838 1663 sit,
881 1625 1004 1652 nemo
1043 1625 1127 1652 non
1167 1612 1292 1651 videt.
1335 1612 1573 1651 Lectionem
1602 1609 1803 1661 ἐλευθέρᾳ

168 1679 292 1718 unice
343 1679 576 1718 sententiae
627 1680 770 1729 aptam
819 1679 1048 1729 genuinam
1101 1689 1194 1716 esse
1235 1677 1540 1726 lectionemque
1581 1673 1805 1725 ἐλεύθερον

169 1743 431 1783 abiciendam
473 1745 615 1794 quivis
658 1745 929 1794 concederet,
977 1744 1058 1783 nisi
1099 1744 1243 1782 itidem
1284 1742 1478 1793 inptrad.
1525 1741 1805 1796 &legeretur

169 1806 394 1860 ἐλεύθερον
423 1821 480 1849 sc.
511 1807 675 1850 Ἑλλάδι
703 1808 922 1860 κόσμον.
964 1809 1235 1858 Quamquam
1265 1809 1430 1847 nullum
1458 1809 1572 1846 extat
1600 1806 1801 1854 dubium,

169 1874 274 1924 quin
315 1873 462 1914 auctor
503 1875 706 1915 carminis.
747 1875 908 1914 dederit
950 1872 1214 1925 ἐλευθέρᾳ
1251 1871 1416 1912 Ἑλλάδι
1453 1869 1618 1921 κοινὸν,
1664 1873 1804 1909 tamen

170 1939 375 1979 Collector
411 1940 516 1979 illud
554 1940 810 1980 vocabulum
847 1940 931 1979 iam
971 1940 1013 1978 in
1053 1938 1279 1990 ἕλεύθερον
1317 1940 1565 1988 corruptum
1595 1936 1807 1986 accepisse

170 2003 339 2044 videtur
374 2027 426 2033 —
463 2017 609 2045 vocem
647 2006 759 2044 enim
797 2003 941 2045 κοινὸν
978 2017 1063 2044 non
1103 2005 1367 2044 sollicitasset
1381 2002 1415 2054 2)
1448 2003 1529 2042 nisi
1557 2003 1600 2041 in
1629 2014 1678 2041 ea
1707 2001 1805 2040 sub-

77 2085 89 2096 <
171 2070 404 2109 stantivum
433 2071 563 2110 latere
592 2073 806 2121 putasset,
840 2071 907 2110 cui
927 2070 1180 2109 attributum
1200 2071 1311 2108 esset
1331 2069 1543 2118 epitheton
1566 2064 1773 2116 ἐλεύθερο
1786 2080 1807 2105 ν

173 2134 244 2185 (cf.
281 2136 407 2175 etiam
447 2135 472 2187 ξ
514 2136 622 2186 139).
669 2137 776 2175 Nam
816 2136 928 2186 quod
969 2147 1065 2177 cum
1103 2136 1147 2174 in
1186 2134 1400 2173 Plutarchi
1430 2133 1548 2172 Vitae
1575 2132 1807 2170 Aristideae

171 2200 386 2240 codicibus
415 2203 506 2240 tum
535 2202 578 2240 in
609 2202 860 2252 Anthoiogia
890 2201 1081 2240 Palatina
1111 2201 1221 2239 idem
1250 2201 1363 2238 extat
1393 2199 1563 2247 vitium,
1603 2209 1651 2236 eo
1679 2197 1806 2246 expli·
1850 2191 1852 2193 ’

171 2265 355 2304 candum
383 2267 469 2316 est,
501 2267 617 2316 quod
646 2279 743 2306 cum
769 2266 1025 2306 Plutarchus
1045 2268 1134 2304 tum
1158 2265 1362 2305 Collector
1382 2264 1642 2313 epigramma
1665 2262 1807 2301 hausit

170 2341 222 2370 ex
260 2331 454 2381 Ephoro,
497 2332 611 2381 apud
649 2343 775 2381 quem
815 2331 1070 2371 vocabulum
1108 2331 1192 2369 iam
1233 2331 1480 2378 corruptum
1510 2328 1730 2378 legebatur
1752 2326 1802 2378 3).

173 2395 224 2434 In
254 2396 477 2435 Moralium
506 2396 722 2436 codicibus
751 2396 834 2435 iam
865 2396 997 2435 scitus
1026 2395 1155 2435 lector
1185 2395 1250 2434 vel
1278 2394 1479 2433 librarius
1508 2393 1647 2432 attulit
1671 2392 1807 2431 mede-

172 2460 256 2499 lam
297 2461 539 2510 proclivem.
586 2461 717 2512 Origo
748 2461 836 2500 vitii
865 2461 1011 2500 cadem
1040 2472 1134 2499 esse
1163 2460 1330 2498 videtur
1359 2461 1486 2508 atquc
1514 2458 1605 2497 eius
1635 2469 1807 2507 corrup—

172 2526 300 2576 telae,
324 2538 408 2575 qua
429 2527 608 2566 alterum
630 2527 759 2566 huius
779 2527 1019 2566 traditionis
1039 2527 1176 2565 locum
1198 2525 1398 2564 affectum
1418 2535 1512 2563 esse
1532 2525 1646 2573 puto.
1671 2522 1807 2561 Verba

172 2591 284 2629 enim
313 2591 551 2631 difficiliora
579 2593 622 2631 in
652 2593 789 2642 primo
819 2602 947 2631 versu
977 2591 1094 2642 νίκης
1121 2589 1262 2642 κράτει
1291 2588 1404 2640 ἔργῳ
1421 2587 1576 2640 ’Άρηος
1595 2590 1635 2627 et
1656 2588 1808 2628 Collec-

173 2656 278 2695 toris
317 2655 463 2709 (ῥώμῃ
502 2655 647 2709 χερός,
686 2656 717 2696 ἔ.
744 2656 824 2707 ’‘A.)
855 2659 895 2696 et
923 2657 1091 2699 lectoris
1120 2656 1185 2695 vel
1214 2655 1376 2694 librarii
1404 2654 1583 2693 alicuius
1613 2653 1654 2691 in
1685 2653 1804 2692 codd.

173 2720 253 2760 Vit.
290 2722 360 2761 Ar.
398 2721 656 2771 quibusdam
699 2721 771 2773 (Fa
807 2737 841 2762 ν.
870 2736 909 2761 κ.
938 2719 1070 2772 πόθῳ
1099 2719 1270 2772 ἄργεος,
1291 2709 1343 2758 'L
1371 2717 1518 2770 ἄργος)
1549 2720 1589 2757 et
1619 2718 1807 2756 virorum

173 2785 394 2825 doctorum
414 2787 666 2827 coniecturis
686 2788 889 2837 temptata
911 2788 1024 2826 sunt.
1057 2786 1264 2836 Equidem
1286 2787 1500 2824 auctorem
1521 2783 1687 2822 dedisse
1707 2785 1809 2832 puto

218 2950 249 2992 2)
294 2951 419 2994 Neque
444 2952 557 2986 locum
582 2953 743 2995 expedire
769 2953 883 2995 potuit
906 2953 1092 2993 Aristides,
1117 2952 1177 2993 qni
1201 2961 1299 2983 aram
1322 2941 1475 2992 κοινὴν
1497 2947 1718 2990 παρακλῆσιν
1734 2946 1808 2979 κτλ.

175 3007 233 3048 (cs.
258 3007 275 3048 ἕ
297 3006 356 3049 6⁶2)
379 3009 558 3042 continere
583 3009 728 3050 putavit.

219 3063 251 3103 3)
296 3063 411 3096 Etiam
442 3066 642 3107 corruptela
671 3062 836 3098 ἀνέθεντο
869 3075 927 3106 pro
958 3060 1084 3097 ἀνέθεν
1108 3064 1142 3096 in
1168 3074 1221 3105 ep.
1245 3062 1310 3095 134
1333 3073 1412 3095 cum
1439 3062 1529 3103 apuu!
1557 3060 1647 3093 viui.
1673 3064 1748 3092 tum
1775 3060 1808 3092 in

175 3118 244 3152 ΑΡ.
267 3120 368 3153 obvia
391 3121 595 3162 explicanda
618 3124 673 3154 est
695 3131 736 3154 ex
762 3121 915 3163 Ephoro,
938 3121 1119 3153 communi
1146 3119 1322 3151 l‘lutarchi
1348 3118 1620 3158 collectoris-que
1646 3117 1750 3148 sonte.
