2072 3568
394 234 495 286 Cap.
530 233 562 274 1.
1184 230 1236 273 30

393 360 621 400 Aeschines
636 358 703 410 θ),
732 358 951 410 inscriptio
975 370 1070 399 cum
1095 358 1188 398 eius
1214 357 1403 408 nomine,
1432 356 1615 410 genetivi
1642 357 1873 410 possessivi
1897 356 2035 402 floruit

394 427 551 476 posito,
584 426 859 475 coniungitur
886 425 1065 474 eiusque
1091 436 1186 463 esse
1213 424 1392 475 dieitur,
1425 424 1499 474 qui
1518 435 1612 464 eam
1633 423 1949 467 inscribendam
1967 425 2037 468 vd

392 491 504 541 quod
546 491 654 530 idem
692 493 755 529 est
793 490 865 540 qui
904 492 1225 528 monumentum
1256 489 1532 529 statuendum
1561 490 1742 530 curavit.
1787 489 2037 543 neglegitur

393 559 536 607 poeta,
577 556 700 595 cuius
734 566 910 603 nomen,
953 555 1149 604 genetivo
1177 566 1303 603 casu,
1346 554 1503 594 addere
1530 554 1740 605 posterior
1767 555 1874 597 solat
1898 558 2031 598 adas.

448 622 507 661 Ea
546 623 702 671 aetate,
744 632 828 670 qua
867 620 1072 669 antiquus
1103 619 1271 670 vigebat
1301 631 1394 659 mos
1421 619 1744 671 epigrammatis
1772 623 1920 673 poetae
1947 632 2034 664 nm

395 686 643 737 respiciendi
670 709 718 714 —-
743 689 872 736 atque
897 685 1081 725 vidimus
1112 685 1344 724 Simonidis
1365 685 1630 736 temporibus
1651 697 1749 726 eum
1772 685 1964 738 viguisse
1981 707 2035 718 —-

393 753 483 791 fieri
524 764 660 801 neque
698 751 854 802 potuit,
898 754 943 790 ut
982 755 1129 801 poetae
1167 762 1319 790 nomen
1361 750 1401 790 in
1437 750 1577 801 lapide
1604 751 1870 803 inscriptioni
1897 752 2034 794 aseni-

393 821 585 868 peretur,
628 829 726 867 nec,
769 820 814 856 ut
853 828 1057 856 versuum
1096 816 1311 856 traditioni
1350 816 1560 856 literariae
1595 816 1838 858 adderetur.
1882 817 2037 871 Itaque

393 884 427 922 si
466 883 588 923 cuius
625 883 944 933 epigrammatis
982 882 1152 921 traditio
1189 882 1243 922 ad
1283 885 1476 932 posteros
1511 882 1704 933 devenit,
1743 894 1838 924 eam
1865 893 2036 935 semper

392 951 538 999 poetae
580 949 750 987 nomine
790 948 1036 987 destitutam
1074 948 1273 987 traditam
1311 959 1407 987 esse
1445 947 1785 999 scriptoresque,
1828 947 1903 1000 qul
1938 958 2035 990 mm

393 1015 646 1064 receperint,
687 1014 949 1064 epigramma
987 1025 1251 1064 anonymum
1290 1013 1541 1064 praebuisse
1579 1025 1752 1054 neoesse
1783 1016 1864 1054 est.
1907 1012 2034 1062 Quod

392 1079 619 1129 scriptores
666 1079 928 1128 antiquiores
974 1090 1056 1129 eg.
1110 1079 1355 1118 Herodotus
1400 1081 1441 1118 et
1482 1078 1755 1130 Thucydides
1795 1090 2035 1131 numquam

390 1145 684 1195 epigrammati
723 1147 870 1195 poetae
910 1156 1062 1183 nomen
1102 1145 1313 1194 adiciunt,
1355 1156 1406 1183 ex
1445 1145 1621 1194 antiqua
1660 1144 1791 1195 igitur
1822 1145 2034 1196 epigram-

392 1210 516 1249 matis
545 1209 791 1250 condicione
818 1210 1054 1260 explicatur
1082 1210 1150 1259 ⁴⁵³).

444 1276 536 1315 Non
567 1275 706 1314 solum
735 1275 762 1314 ii
792 1276 1022 1325 scriptores
1050 1275 1336 1325 antiquiores,
1378 1275 1453 1325 qui
1482 1275 1587 1315 tales
1615 1275 1817 1325 antiquas
1843 1273 2033 1316 undiso-

393 1353 467 1380 nes
512 1343 782 1391 receperunt,
830 1353 981 1380 nomen
1028 1344 1177 1391 poetae
1218 1340 1538 1392 epigrammatis
1578 1352 1663 1380 non
1700 1339 1912 1391 produnt,
1957 1338 2035 1382 aed

392 1407 546 1446 scilicet
585 1406 838 1446 recentiores
875 1418 1069 1456 quoque,
1111 1406 1185 1456 qui
1222 1418 1274 1445 ex
1313 1406 1629 1456 antiquioribus
1662 1405 1745 1445 iilis
1772 1416 1854 1446 sua
1881 1405 2035 1446 hauno·

393 1475 505 1511 runt.
538 1472 619 1517 Qui
649 1472 851 1511 destituta
877 1461 1024 1522 poetae
1049 1472 1219 1511 nomine
1242 1472 1549 1522 epigrammata
1573 1470 1773 1521 laudant,
1804 1472 2033 1523 postquam

392 1537 639 1576 iamdudum
679 1537 896 1587 complura
934 1537 1265 1588 epigrammata,
1307 1548 1522 1587 anonyma
1555 1539 1702 1587 antea,
1742 1537 1859 1577 certo
1885 1537 2035 1587 poem

392 1625 441 1630 —
480 1603 688 1652 imprimis
729 1602 935 1641 Simonidi
975 1605 1122 1641 nostro
1156 1624 1208 1630 —
1236 1602 1449 1643 vindicata
1478 1604 1581 1641 sunt
1611 1602 1716 1652 (vid.
1750 1599 1779 1653 fi
1806 1599 1895 1653 20).
1940 1600 2035 1642 Boe

391 1670 531 1707 autem
562 1679 688 1717 saepe
716 1668 887 1717 accidit,
930 1671 978 1707 ut
1007 1668 1236 1718 scriptores
1265 1668 1322 1706 ini
1352 1668 1542 1717 primarii
1570 1666 1846 1717 evanuerint,
1883 1677 2033 1718 super·

391 1734 475 1773 sint
518 1737 658 1773 autem
698 1733 772 1782 qui
809 1733 891 1772 illis
932 1734 998 1772 usi
1037 1736 1152 1772 sunt.
1200 1734 1265 1772 Ex
1295 1733 1468 1783 Ephoro
1496 1733 1706 1784 imprimis
1734 1732 1868 1773 multa
1896 1731 2035 1774 bonae

391 1799 529 1849 frugis
571 1799 613 1837 in
658 1798 887 1848 scriptores
930 1798 1185 1848 posteriores
1229 1798 1395 1848 (Diod.‚
1445 1797 1577 1847 Plut.)
1621 1798 1846 1838 transiisse
1884 1799 2032 1849 poete·

394 1863 644 1903 videbimus.

446 1928 472 1980 ἕ
502 1929 567 1968 20.
631 1927 696 1968 De
737 1928 920 1969 ratione
963 1941 1058 1980 qua
1101 1929 1311 1981 quaestio
1351 1927 1625 1969 Simonidem
1664 1927 1916 1971 tractanda
1949 1926 2028 1970 uit.

391 1994 559 2034 Certam
599 1995 803 2034 rationem
843 1995 895 2034 ad
934 1997 1227 2045 quaestionem
1260 1995 1548 2035 Simonideam
1576 1993 1845 2035 tractandam
1873 1993 2030 2045 adipis-

390 2059 526 2098 cimur
563 2071 614 2098 ex
644 2059 717 2109 iis,
760 2072 871 2110 quae
900 2060 1085 2099 vidimus
1113 2060 1166 2100 de
1193 2061 1370 2111 antiquo
1398 2060 1719 2111 epigrammatis
1747 2061 1877 2100 statu.
1922 2058 2031 2099 Nam

391 2126 507 2164 nulla
535 2125 589 2164 ad
619 2129 812 2175 posteros
840 2125 1040 2165 devenire
1068 2126 1214 2176 potuit,
1235 2126 1437 2165 memoria
1462 2125 1594 2165 literis
1615 2125 1890 2177 consignata,
1919 2134 2033 2175 qm

393 2190 651 2230 Simonidem
690 2191 1010 2241 epigrammatis
1038 2191 1262 2230 cuiusdam
1293 2191 1532 2230 testabatur
1561 2193 1741 2240 poetam.
1790 2188 2032 2231 Simonidoe

434 2380 481 2422 ⁴⁸)
528 2382 595 2414 Res
625 2383 830 2424 ceteroquin
863 2382 1047 2415 notissima
1078 2386 1171 2419 erat;
1207 2382 1461 2415 Demosthenes
1491 2382 1586 2414 enim
1619 2381 1733 2423 (bept.
1754 2378 1840 2421 112)
1868 2382 2033 2423 eam

390 2438 463 2471 sore
489 2442 529 2471 ut
553 2438 717 2480 Leptines
742 2439 806 2471 bac
831 2440 1005 2471 maiorum
1030 2439 1221 2471 sobrietate
1246 2443 1388 2479 utatur,
1413 2443 1454 2471 ut
1478 2439 1612 2479 legem,
1637 2448 1681 2471 ne
1703 2437 1787 2480 quis
1809 2436 2029 2480 punicorum

390 2504 579 2527 munerum
610 2499 704 2527 esset
735 2495 923 2535 immunis,
955 2496 1082 2536 populo
1113 2495 1357 2528 commendet:
1390 2492 1459 2526 ἔστι
1486 2492 1603 2526 τοίνυν
1627 2505 1676 2530 τις
1697 2491 1889 2536 πρόχειρος
1907 2489 2034 2536 λόγος,

390 2547 438 2585 ὡς
477 2547 546 2591 ἄρα
579 2547 668 2592 παρ’
700 2547 784 2592 ἡμῖν
817 2547 873 2581 ἐπὶ
909 2552 979 2581 τῶι·
1011 2548 1198 2591 προγόνων
1232 2547 1337 2582 πόλλ’
1367 2547 1478 2591 ἀγάθ’
1508 2546 1729 2592 εἰργασμένα
1762 2545 1853 2586 τινὸς
1885 2544 2031 2586 om

390 2603 551 2648 ἠξιοῦντο
575 2604 751 2645 τοιούτου,
774 2603 854 2638 ἀλλ’
873 2604 1062 2649 ἀγαπητῶς
1084 2603 1346 2648 ἐπιγράμματος
1369 2604 1407 2638 ἒν
1430 2609 1500 2642 τοῖς
1521 2604 1668 2648 Ἑρμαῖς
1691 2603 1835 2648 ἔτυχον·
1856 2601 1922 2638 καὶ
1942 2601 2031 2642 Γσυς

390 2660 493 2695 τοῦθ’
520 2661 600 2704 ὑμῖν
623 2660 858 2705 ἀναγνώσεται
885 2661 921 2695 τὸ
944 2660 1158 2705 ἐπίγραμμα.

433 2719 480 2758 ⁴⁹)
527 2719 654 2761 Preger
685 2720 884 2762 suspicatus
915 2723 992 2752 erat
1022 2719 1080 2758 (N.
1107 2720 1196 2752 Phil.
1222 2719 1260 2752 R.
1286 2715 1429 2762 1897'p.
1454 2718 1535 2758 131)
1568 2729 1696 2752 nomen
1722 2721 1846 2760 poetae
1866 2717 2030 2751 additum

389 2786 411 2808 a
440 2777 510 2809 stiii
537 2776 732 2809 rationibus
754 2775 953 2808 abhorrere.
990 2775 1042 2808 lta
1066 2779 1208 2808 tantum
1234 2775 1277 2807 de
1300 2776 1383 2808 stilo
1406 2776 1560 2818 quodam
1585 2785 1702 2808 sermo
1724 2783 1801 2808 eme
1825 2777 1958 2818 potest,
1987 2777 2031 2807 ut

389 2833 574 2875 scriptores
605 2833 830 2874 posteriora,
862 2832 924 2874 qui
956 2832 1222 2874 epigrammatis
1254 2831 1389 2864 ficticiis
1412 2841 1453 2865 ac
1475 2831 1763 2864 demonstrativis
1787 2829 2028 2865 narrationum

391 2889 524 2921 variare
554 2888 714 2921 soielnint
740 2884 784 2910 ⁶—
818 2888 992 2929 imprimis
1021 2888 1174 2920 asseclae
1205 2888 1346 2921 scholae
1372 2888 1564 2920 Isocrateae
1589 2888 1750 2930 Ephorus
1771 2891 1809 2920 et
1819 2885 2028 2929 *Theomn-

391 2955 455 2986 pns
488 2961 529 2967 —
559 2953 601 2977 ea
634 2944 775 2977 nomine
806 2949 928 2986 poetae
958 2945 1130 2977 destituta
1163 2944 1380 2986 proferrent,
1413 2948 1453 2976 nt
1480 2954 1556 2977 mos
1579 2945 1715 2976 eratin
1740 2942 2029 2985 inscriptionibus

388 3001 563 3043 genuinis.
610 3000 735 3043 Neque
770 3005 863 3033 recte
899 3011 1032 3033 morem
1068 3001 1234 3033 omnibus
1269 3001 1445 3033 historicis
1479 3005 1588 3043 atque
1622 3000 1821 3033 oratoribus
1855 2998 2030 3032 tribuent

392 3056 514 3097 Bergk.
540 3057 588 3089 De
613 3056 874 3089 Reitzensteinii
899 3057 1063 3098 opinione
1086 3057 1130 3089 οἷ.
1155 3066 1236 3089 ann.
1260 3055 1314 3089 ⁴6.
1340 3057 1525 3090 Praeterea
1540 3056 1775 3089 ooiifeoendns
1788 3055 1909 3088 Kaibel
1921 3052 2028 3089 ΜΔ.
2063 3099 2072 3105 ,Δ

389 3111 477 3145 1892).
507 3123 537 3154 p.
562 3112 615 3146 90.
