2072 3568
905 240 980 280 165
1637 243 1662 295 ς)
1693 244 1758 283 92.

127 362 307 415 paginae
347 364 469 403 lineis
512 363 730 403 restabant
772 364 858 403 duo
899 365 1079 404 disticha
1122 377 1180 404 sc.
1218 378 1282 416 ep.
1321 366 1399 406 350
1436 365 1488 417 -ἱ-
1525 379 1589 417 ep.
1627 367 1704 406 344
1736 367 1761 407 b

52 423 80 475 {Js'
129 427 202 482 (ab
229 430 262 468 A
291 430 375 469 huc
403 427 676 479 relegatum);
707 429 817 468 inter
845 441 1030 478 quorum
1058 430 1255 470 lemmata
1285 443 1400 470 nunc
1428 432 1583 482 legitur
1611 433 1760 471 titulus

48 495 76 538 ξ·
126 492 412 547 Καλλιμάχου.
448 494 531 540 Qui
559 493 704 533 unde?
740 494 874 545 Quid,
892 496 1022 545 -quod
1051 496 1119 535 hic
1146 497 1296 535 titulus
1325 499 1415 536 erat
1443 498 1760 548 epigrammatis

48 560 84 598 ἲ
125 559 235 600 350?
278 560 445 599 Etenim
483 560 723 610 Corrector‚
766 570 863 599 cum
902 572 1015 599 unus
1053 561 1202 600 titulus
1235 562 1272 601 ei
1302 564 1471 612 praesto
1500 565 1632 613 esset,
1675 564 1760 602 duo

9 663 12 675 ,
57 615 69 666 Ᾰ,
125 626 266 664 autem
307 627 468 664 restare
511 625 756 664 viderentur
797 625 1103 675 epigrammata
1120 657 1130 676 ‚
1177 638 1261 666 non
1305 627 1524 667 dubitasse
1567 629 1755 679 videtur,

124 690 228 740 quin
273 690 360 729 duo
404 690 474 729 illa
520 690 726 740 disticha,
777 702 963 740 quorum
1005 691 1185 730 alterum
1228 694 1445 741 praeterea
1487 705 1511 732 a
1552 694 1759 743 particula

124 755 393 794 adversativa
422 753 525 794 ἀλλὰ
554 755 802 805 incipiebat,
840 767 918 805 pro
947 768 1034 794 uno
1062 757 1366 806 epigrammate
1394 757 1589 796 habenda
1617 760 1760 797 essent

7 812 15 876 ξ
65 832 67 834 ·
123 831 257 870 eoque
284 821 407 860 titulo
433 821 650 871 ornanda,
693 833 779 870 quo
806 821 850 859 in
880 821 1096 860 Michaelis
1124 822 1354 871 exemplari
1383 822 1640 861 instructum
1669 824 1759 862 erat

123 885 332 926 distichon
370 887 504 936 prius.
551 886 675 932 Quod
703 887 824 926 alteri
852 887 1032 926 disticho
1061 899 1146 926 non
1175 888 1323 926 tribuit
1351 888 1522 926 titulum
1550 888 1758 937 epigram-

43 955 62 1002 (
101 951 248 1007 *matis
276 952 493 1001 sequentis
522 953 616 991 VII.
635 952 710 991 351
745 951 1055 1003 (Dioscoridis)‚
1088 953 1131 991 id
1159 953 1393 1003 explicatur
1417 965 1513 992 eum
1539 965 1610 1003 eo,
1643 953 1778 1002 quod»

118 1015 202 1056 'hoc
238 1028 303 1066 ep.
340 1017 496 1067 legitur
533 1018 577 1056 in
616 1029 727 1056 nova
765 1018 944 1068 pagina,
986 1019 1077 1057 tum
1107 1019 1222 1068 quod
1251 1019 1440 1068 quinque
1469 1018 1758 1068 complectitur

8 1078 11 1109 ἶ
121 1081 314 1121 disticha.
361 1082 639 1133 Callimacho,
673 1083 796 1122 cuius
825 1084 995 1122 nomine
1023 1084 1067 1122 in
1096 1083 1351 1122 editionibus
1381 1096 1516 1122 unum
1544 1096 1608 1133 ep.
1638 1083 1714 1123 344
1731 1083 1757 1122 b

8 1171 10 1174 -
35 1144 66 1198 j.
120 1148 318 1197 ornatur,
361 1147 582 1187 Correetor
610 1160 707 1188 cum
736 1149 815 1188 hoc
843 1160 908 1198 ep.
936 1150 1028 1188 tum
1057 1161 1121 1199 ep.
1151 1149 1229 1188 350
1261 1148 1322 1200 (in
1351 1149 1607 1188 editionibus
1637 1149 1757 1187 titulo

121 1210 289 1262 carens)
318 1213 543 1264 instruxit,
576 1225 678 1263 ergo
708 1214 924 1253 vindicare
952 1225 1183 1263 possumus
1212 1215 1291 1253 hoc
1320 1225 1384 1264 ep.
1417 1213 1528 1264 (VII.
1556 1212 1674 1263 350):

50 1274 63 1284 ”⁷
333 1276 564 1324 ναυτίλε,
593 1276 652 1330 μὴ
682 1277 849 1318 πεύθου
878 1278 986 1323 τίνος
1013 1277 1169 1318 ἐνθάδε
1197 1277 1401 1330 τύμβος
1430 1277 1496 1318 ὅδ’
1521 1277 1622 1329 εἶμί,

46 1387 58 1392 y
386 1341 475 1382 ἀλλ’
500 1341 626 1387 αὐτὸς
653 1342 809 1383 πόντου
838 1342 1015 1396 τύγχανε
1042 1343 1344 1396 χρηστοτέρου,

120 1407 235 1457 quod
277 1419 361 1447 non
406 1409 543 1447 solum
586 1420 766 1458 prorsus
809 1409 1007 1448 convenit
1049 1421 1146 1448 cum
1185 1410 1352 1448 concisa
1390 1409 1556 1448 dicendi
1595 1408 1758 1446 ratione

119 1471 315 1512 brevium
342 1474 697 1524 epigrammatum
728 1474 1105 1514 Callimacheorum
1127 1473 1220 1524 138),
1255 1475 1328 1513 sed
1353 1474 1478 1513 etiam
1503 1473 1754 1512 sententiam

40 1550 70 1593 ᾗ
118 1538 326 1589 continet,
358 1550 469 1588 quae
492 1539 599 1578 redit
622 1539 666 1578 in
691 1539 773 1578 alio
796 1540 1101 1590 epigrammate
1126 1539 1370 1579 Callimachi
1396 1539 1490 1578 VII.
1510 1538 1631 1588 272,4
1657 1550 1750 1587 sqq.

35 1605 58 1657 ς’
122 1601 204 1654 (ep.
234 1603 284 1643 18
311 1602 450 1654 Wil.):

47 1666 65 1675 '⁷
387 1700 548 1708 .....
569 1668 656 1721 ἐγὼ
686 1668 725 1709 δ’
750 1669 888 1714 ἄλλως
916 1669 1081 1720 οὔνομα
1111 1669 1313 1722 τύμβος
1341 1669 1452 1722 ἔχων

331 1733 535 1787 κηρύσσω
562 1734 807 1788 πανάληθες
835 1735 936 1779 ἔπος
964 1734 1077 1775 τόδε·
1108 1738 1251 1787 ’φεῦγε
1279 1733 1471 1786 θαλάσσῃ

41 1822 77 1854 22„
385 1798 630 1851 συμμίσγειν
658 1799 837 1852 ἐρίφων,
868 1799 1100 1846 ναυτίλε,
1131 1798 1379 1851 (θυομένων’.

38 1858 54 1913 {⁷
119 1863 238 1903 Plan.
275 1862 378 1904 IIIb.
417 1865 479 1904 19.
517 1865 542 1905 8
578 1866 749 1904 titulum
785 1867 950 1905 nullum
980 1866 1141 1905 addidit
1172 1866 1242 1917 (ef.
1265 1866 1290 1917 ὅ
1315 1864 1423 1916 107).
1458 1865 1754 1903 Lemmatistae

7 1935 9 1972 ζ
31 1930 62 1978 j}
117 1928 288 1968 titulum
312 1927 471 1981 ἄδηλον
495 1928 561 1969 ἐπὶ
584 1930 657 1970 τίνι
682 1943 767 1970 non
792 1933 1007 1971 auctorem
1035 1933 1246 1981 spectare,
1277 1931 1350 1970 sed
1375 1930 1573 1980 naufragi
1599 1941 1751 1968 nomen

6 1988 62 2050 Ἢᾗ
117 2005 211 2033 esse
237 1994 431 2045 ignotum
460 2007 650 2047 monere,
683 1996 778 2036 iure
803 1997 1003 2035 observat
1035 1996 1323 2035 Stadtmiiller.

43 2052 57 2114 ‚⁷
171 2059 311 2098 Redeo
345 2060 398 2099 ad
432 2060 750 2111 epigrammatis
779 2062 874 2100 VII.
905 2061 981 2101 187
1012 2059 1232 2112 (Philippi)
1263 2078 1315 2092 =
1344 2061 1437 2099 VII.
1466 2058 1564 2098 344*
1597 2058 1752 2109 (Simo-

5 2126 9 2160 ζ
41 2117 61 2163 J
117 2123 247 2175 nidis)
285 2122 595 2176 repetitionem]
637 2138 662 2166 a
691 2139 776 2176 qua
805 2127 1020 2177 profectus
1050 2138 1159 2165 sum.
1208 2127 1350 2165 Huius
1379 2125 1488 2164 tituli
1521 2124 1751 2164 Simonidei

7 2193 56 2211 ·’
117 2201 296 2240 prorsus
333 2191 458 2230 aliam
495 2203 590 2231 esse
627 2186 835 2246 rationem
871 2193 1055 2231 vidimus
1093 2194 1221 2241 atque
1258 2192 1371 2240 eius,
1414 2202 1500 2240 quo
1529 2201 1749 2239 perperam

37 2256 53 2294 1³·
118 2257 371 2296 muniuntur
406 2268 500 2306 epp.
537 2256 686 2296 iterata
724 2257 796 2295 XI.
834 2255 879 2296 9*
919 2255 966 2307 (ξ
1003 2255 1072 2306 90)
1113 2258 1153 2295 et
1190 2257 1260 2295 VI.
1297 2254 1394 2294 213*
1427 2254 1473 2306 (ξ
1511 2252 1595 2304 91).
1642 2254 1750 2292 Nam

40 2315 61 2378 J
118 2323 312 2360 nostrum
349 2333 414 2372 ep.
450 2322 493 2360 in
532 2322 674 2361 codice
710 2322 902 2361 Palatino
938 2321 1109 2360 demum
1147 2332 1290 2360 errore
1319 2320 1557 2359 scribarum
1587 2319 1620 2357 A
1649 2320 1688 2356 et
1719 2318 1750 2357 C

46 2388 57 2395 ’
116 2386 274 2436 accepit
305 2381 595 2426 Simonideum
625 2387 814 2435 titulum;
845 2386 911 2426 cui
942 2398 1027 2425 non
1057 2386 1182 2425 cessit
1211 2407 1262 2413 —-
1290 2385 1405 2435 quod
1433 2386 1574 2423 tamen
1603 2394 1750 2432 expec-

116 2451 285 2491 taven-as
309 2473 374 2486 >-
411 2452 596 2491 auctoris
626 2463 779 2491 nomen
812 2451 1055 2502 (Philippi),
1097 2463 1182 2500 quo
1210 2451 1471 2501 epigramma
1501 2450 1632 2488 altero
1660 2448 1750 2486 loeo

116 2515 210 2555 VII.
241 2516 316 2556 187
344 2519 541 2566 ornatur,
575 2517 649 2556 sed
672 2517 822 2556 titulus
846 2517 900 2556 ab
925 2517 994 2556 illo
1017 2516 1214 2555 diversus
1241 2514 1486 2566 (Leonidae)
1513 2526 1537 2553 a
1561 2513 1751 2552 Planude

2 2592 7 2596 ·
117 2582 326 2620 servatus.
359 2582 510 2632 Itaque
537 2584 657 2621 extra
685 2582 814 2621 huius
842 2581 1142 2632 disputationis
1171 2582 1280 2619 fines
1308 2582 1371 2619 est
1399 2591 1622 2629 quaerere,
1656 2580 1750 2616 uter

41 2634 62 2679 :3
116 2645 346 2696 primarius
382 2647 676 2697 epigrammati
713 2647 832 2686 locus
869 2646 942 2695 sit;
981 2646 1199 2695 dirimere,
1243 2650 1387 2686 utrum
1426 2644 1633 2694 Cephalas
1666 2643 1749 2692 epi-

1 2821 5 2850 ἷ
44 2822 63 2871 ⁷2⁷]
116 2828 266 2863 Stadtm.
301 2830 401 2870 Quod
433 2841 486 2873 ep.
516 2830 583 2864 346
612 2832 648 2864 in
679 2831 917 2865 Simonideam
943 2832 1067 2863 seriem
1093 2830 1183 2872 apud
1210 2830 1303 2862 Lase.
1329 2829 1387 2870 (lv.
1414 2839 1443 2870 p.
1468 2827 1529 2869 94,
1561 2829 1603 2860 cf.
1629 2826 1645 2867 ἓ
1674 2826 1749 2866 120)

57 2889 58 2892 ’
116 2888 295 2928 receptum
328 2889 399 2928 est,
430 2896 546 2930 neque
578 2888 874 2930 epigrammatum
900 2887 1185 2920 antecedentium
1213 2896 1327 2928 neque
1351 2885 1577 2927 sequentium
1602 2883 1750 2915 debetur

45 2942 62 2978 ⁷⁷
117 2942 279 2976 viciniae:
300 2944 391 2984 apud
410 2943 506 2976 Plan.
526 2954 650 2986 nempe
666 2943 757 2985 (lllb.
775 2942 824 2975 1.1
847 2943 913 2985 sq.)
933 2942 1161 2984 praecedebat.
1178 2953 1229 2983 ep.
1248 2941 1487 2974 Simonideum
1509 2941 1572 2972 ΑΡ.
1585 2939 1655 2971 Vll.
1673 2939 1748 2970 302.

53 3031 61 3041 ,,
160 2996 223 3039 ¹135⁴)
268 2997 319 3031 Cf.
349 2998 420 3032 Vll.
451 2998 516 3031 317
540 2999 608 3042 (ep.
633 2999 654 3032 4
679 3000 794 3040 wit),
826 2998 910 3040 318,
942 2998 1007 3031 415
1030 2999 1098 3040 (ep.
1123 2997 1200 3039 35),
1232 2997 1290 3029 451
1320 2998 1388 3038 (ep.
1413 2996 1467 3036 9),
1500 2995 1564 3027 523
1589 2996 1655 3037 (ep.
1680 2995 1747 3034 (30).

1 3067 3 3069 ’
50 3048 64 3089 ἶ
117 3052 331 3088 Callimacho
365 3055 612 3088 vindicandum
649 3060 733 3097 puto
768 3066 821 3097 ep.
857 3055 1028 3087 eiusmodi
1064 3054 1103 3086 X.
1140 3053 1226 3094 105,
1263 3054 1355 3095 quod
1395 3062 1573 3094 perperam
1610 3053 1644 3083 in
1681 3051 1746 3083 ΛΡ.

47 3115 69 3157 ss.
116 3107 304 3145 Simonidis
327 3111 574 3145 auctoritatem
598 3112 764 3154 adeptum
790 3115 843 3143 est
866 3114 934 3152 (ep.
959 3109 1049 3150 122).
1075 3109 1125 3142 Cf.
1150 3110 1211 3141 alt.
1237 3109 1269 3142 h.
1293 3119 1418 3141 comm.
1446 3118 1476 3150 p.
1623 3105 1626 3108 ⁴
