2072 3568
395 210 495 258 cap.
533 207 621 257 111,
654 207 692 246 9.
1180 203 1255 243 102

448 333 499 372 At
537 332 717 372 alterum
755 341 927 382 quoque
964 329 1091 369 habet
1127 329 1260 369 Hiller
1294 330 1621 379 argumentum,
1661 326 1777 378 quod
1804 338 1858 368 ex
1884 326 2036 369 toi-mia

395 399 525 438 huius
561 396 880 448 epigrammatis
917 395 1100 434 diversis
1136 395 1312 445 petitum
1341 396 1419 433 est.
1463 393 1622 433 Extant
1649 393 1742 433 eius
1768 392 1882 434 dunc
1906 391 2036 434 tradi-

395 464 553 513 tiones,
586 474 770 513 quarum
800 461 931 501 altera
960 460 1101 500 denuo
1133 459 1305 499 duobus
1334 458 1472 499 modis
1500 458 1656 498 tradita
1684 460 1763 499 est.
1804 458 1913 500 Cum
1942 457 2036 500 uni-

396 529 549 579 cuique
577 530 717 578 pateat
745 538 836 566 eam
868 526 1072 575 formam,
1105 536 1216 575 quae
1240 525 1294 564 sit
1319 523 1435 575 apud
1459 523 1703 574 Lycurgum
1725 523 1870 565 Leocr.
1890 520 2035 575 lfflffl)

604 589 818 644 Ἑλλήνων
845 592 1165 643 προμαχοῦντες
1188 588 1405 641 Ἀθηναῖοι
1435 585 1685 640 ΛῙαραθῶνι

504 655 871 711 χρυσοφόρων
906 653 1078 709 Μήδων
1113 653 1408 707 ἐστόρεσαν
1445 652 1680 706 δύναμιν
1704 683 1962 695 .........
1989 653 2034 706 Ῑ,

398 724 670 763 vetustiorem
703 722 761 774 (I)
792 734 887 762 esse
914 721 1295 771 substructamque
1318 720 1454 760 fuisse
1473 720 1636 760 formae
1655 719 1776 761 alteri
1797 718 1897 772 (11),
1927 729 2041 771 quae

397 790 563 841 legatur
585 789 702 839 apud
727 788 1008 829 Scholiastam
1034 787 1112 838 l.l.,
1145 786 1323 826 Suidam
1350 798 1389 825 v.
1418 783 1611 838 Ποικίλη,
1639 785 1865 826 Aristidem
1884 785 1928 826 ln
1947 784 2041 826 loco

401 854 426 905 ἓ
458 856 508 894 55
538 856 718 895 tractato

606 918 819 972 Ἑλλήνων
846 921 1167 971 προμαχοῦντες
1189 916 1407 970 Ἀθηναῖοι
1436 914 1685 969 ΔῙαραθῶνι

978 995 1020 1024 a.
1044 982 1198 1023 ἐννέα
1243 981 1366 1034 (Ar.)

505 1019 749 1060 ἔκτειναν
778 1016 950 1071 Μήδων
979 1048 1019 1089 b
1043 1048 1217 1089 εἴκοσι
1245 1046 1429 1099 (Senot,
1455 1014 1950 1097 8ηίά)μυριάδας..
1938 1015 2037 1069 .‚11

399 1116 592 1166 quaestio
633 1117 774 1155 tamen
816 1117 902 1165 est,
949 1117 1094 1154 utrum
1140 1114 1276 1154 forma
1315 1113 1359 1153 II
1389 1125 1420 1153 α
1456 1124 1510 1152 an
1551 1113 1594 1152 11
1625 1111 1652 1152 b
1688 1111 1959 1153 traditionem
1995 1110 2040 1152 11

369 1234 372 1238 .
400 1181 630 1232 genuinam
656 1183 853 1232 praestet.
888 1181 996 1221 Cum
1021 1180 1147 1220 ceteri
1174 1180 1252 1219 viri
1276 1179 1387 1219 docti
1411 1190 1561 1218 omnes
1579 1177 1656 1229 3¹),
1682 1188 1794 1229 quos
1816 1177 1899 1218 hac
1918 1176 1975 1218 de
1995 1187 2044 1218 re

401 1247 626 1297 scripsisse
650 1246 863 1296 noverim,
893 1248 984 1286 tum
1011 1246 1165 1285 Hiller·
1158 1244 1212 1295 32)
1236 1244 1494 1284 Aristideum
1520 1254 1747 1283 numerum
1771 1240 1890 1283 ἐννέα
1912 1241 1976 1293 (11
1991 1240 2041 1293 a)

401 1313 515 1363 apud
557 1313 838 1352 Scholiastam
877 1314 1006 1362 atque
1043 1311 1220 1351 Suidam
1258 1311 1320 1361 (ΙΙ
1351 1309 1396 1360 b)
1427 1309 1471 1349 in
1501 1309 1641 1349 maius
1671 1306 1839 1360 (εἴκοσι)
1867 1309 2042 1349 auctum

400 1390 494 1418 esse
522 1378 887 1418 existimaverunt.
928 1378 1052 1423 Quod
1081 1380 1223 1417 autem
1252 1375 1396 1425 lectio,
1429 1386 1541 1425 quae
1569 1374 1773 1414 mendosa
1801 1372 2039 1425 videbatur,

405 1443 668 1483 Scholiastae
703 1455 800 1483 cum
835 1442 968 1483 Suida
997 1442 1237 1483 communis
1265 1444 1352 1492 est,
1395 1441 1531 1480 Hiller
1558 1451 1611 1480 ex
1638 1451 1689 1480 eo
1715 1438 1929 1491 explicare
1953 1440 2044 1480 ntu-

401 1509 516 1559 duit,
558 1509 673 1558 quod
709 1509 777 1548 ille
805 1509 847 1548 in
876 1509 1234 1560 epigrammatum
1263 1507 1506 1548 collectione
1536 1506 1653 1558 (Cor.
1685 1504 1828 1556 Μαι),
1867 1504 1959 1556 hic,
1997 1503 2045 1545 in

403 1574 646 1624 Cephalana
694 1575 947 1625 Anthologia
997 1574 1067 1625 (cf.
1117 1573 1143 1626 ἓ
1189 1572 1283 1624 111)
1327 1573 1590 1661 epigramma
1632 1571 1867 1612 invenisset
1909 1568 2044 1622 (quod

404 1641 549 1689 postea
579 1639 621 1679 in
651 1640 779 1679 Anth.
814 1640 1006 1680 Palatina
1034 1637 1295 1690 excidisset).

458 1705 511 1744 Et
548 1705 642 1744 aliis
678 1705 731 1745 de
758 1706 902 1745 causis
930 1706 1033 1745 haec
1062 1704 1376 1756 argumentatio
1406 1664 1615 1743 reicienda
1645 1702 1748 1743 mihi
1775 1701 1964 1752 videtur,
2002 1701 2046 1740 et

406 1770 522 1820 quod
551 1771 767 1821 equidem,
801 1783 898 1811 cum
927 1771 1208 1821 inquirerem,
1240 1772 1345 1820 quot
1375 1769 1530 1809 Persas
1558 1779 1732 1820 pugnae
1753 1765 2047 1808 Marathonian

405 1835 652 1875 interfuisse
679 1836 868 1876 historici
898 1837 1127 1887 scriptores
1156 1835 1433 1876 tradidissent
1460 1836 1651 1885 quotque
1677 1833 1722 1874 in
1748 1844 1799 1874 ea
1817 1831 2042 1882 cecidisse,

404 2009 522 2042 Melet.
556 2009 615 2042 Gr.
652 2010 675 2042 l.
714 2020 744 2052 p.
769 2008 826 2051 91,
859 2007 978 2051 ἕτερον
1011 2007 1060 2045 εἰς
1092 2006 1317 2052 Ἀθηναίους·
1352 2020 1440 2051 seq.
1472 2018 1533 2051 ep.
1564 2006 1626 2041 90.
1662 2007 1835 2050 Apertum
1859 2017 1938 2041 esne
1960 2010 2047 2051 puto

404 2066 561 2099 scholion
587 2066 750 2108 primitus
774 2071 915 2099 tantum
940 2066 1157 2099 continuisse
1181 2076 1302 2099 versus
1326 2066 1361 2098 in
1389 2065 1557 2099 Periclem
1582 2063 1647 2106 (sic
1670 2065 1705 2098 in
1728 2063 1804 2097 cod.
1828 2062 1890 2107 Β),
1915 2062 2049 2108 quibus

406 2132 527 2155 versus
558 2123 592 2155 in
626 2123 861 2157 Athenienses
893 2124 928 2156 in
960 2124 1035 2156 cod.
1071 2123 1144 2156 Par.
1171 2122 1198 2155 D
1222 2123 1444 2155 accesserint.
1480 2121 1537 2155 Sic
1560 2130 1704 2164 quoque
1725 2120 1892 2163 explicas-l
1914 2122 2047 2163 poten,

405 2178 498 2221 quod
541 2188 661 2212 veisus
700 2181 736 2212 in
778 2180 946 2213 Periclem
983 2182 1047 2212 toti
1081 2179 1231 2212 orationi
1268 2179 1549 2221 praemittuntur
1583 2178 1619 2211 in
1654 2175 1832 2211 codicibus
1854 2175 2047 2210 mmuh

406 2235 477 2277 E.g.
511 2235 548 2267 in
582 2236 657 2268 cod.
694 2235 854 2269 Leidensi
889 2236 1013 2276 (Periz.
1046 2236 1081 2269 F.
1114 2235 1191 2277 40),
1226 2245 1334 2278 quem
1367 2235 1440 2277 ipse
1471 2234 1624 2276 inspexi;
1656 2242 1751 2276 quae
1779 2233 1909 2276 pagina
1938 2231 2059 2266 huius*

405 2291 531 2324 codicis
561 2291 657 2332 (150)
691 2302 800 2326 vacua
832 2297 886 2326 est
915 2293 1038 2326 relicta
1062 2293 1156 2325 inter
1181 2292 1287 2325 linem
1312 2291 1532 2325 Scholion-um
1558 2292 1595 2324 in
1619 2290 1767 2324 Pan-th.
1789 2288 1843 2331 (in
1866 2298 1943 2333 pag.
1964 2285 2048 2329 ¹⁴0)

406 2352 514 2390 atque
545 2348 686 2381 initium
719 2348 940 2381 Seholioruiu
973 2349 1007 2381 in
1040 2358 1090 2381 or.
1122 2348 1164 2381 de
1197 2347 1239 2380 {v
1274 2348 1355 2380 viris
1386 2347 1438 2388 (in
1468 2357 1544 2390 pag.
1569 2345 1669 2388 15¹),
1699 2355 1744 2380 et
1765 2345 1884 2380 modia
1904 2347 2048 2379 uatum

406 2405 565 2437 continet
588 2414 709 2437 versus
733 2405 768 2437 in
794 2405 962 2438 Periclem
987 2415 1068 2438 cum
1093 2404 1208 2437 titulo.
1246 2404 1307 2437 Hic
1332 2404 1460 2436 titulus
1483 2403 1622 2436 omissis
1645 2402 1804 2436 vei-sibus
1826 2401 1973 2436 relictus
1992 2403 2050 2435 est

409 2461 442 2492 in
469 2460 569 2492 initio
592 2461 763 2494 emtionis
786 2462 820 2494 in
845 2462 920 2494 cod.
946 2461 983 2494 D.

451 2515 498 2557 ³⁰)
545 2516 607 2549 Vix
640 2518 788 2551 lectores
820 2518 985 2551 monendi
1017 2521 1103 2550 sunt
1124 2517 1318 2558 distichon,
1349 2517 1456 2559 quale
1480 2516 1691 2558 praebeatur
1712 2515 1748 2548 in
1772 2513 1943 2556 formal,
1971 2513 2049 2557 epi-

407 2582 569 2614 gramma
592 2583 662 2606 non
685 2584 771 2607 esse.
808 2574 884 2607 vid.
909 2578 1091 2616 praeterea
1114 2574 1150 2607 in
1175 2574 1288 2606 altem
1312 2573 1419 2606 huius
1441 2572 1753 2605 commentationis
1774 2574 1885 2614 parte.
1949 2594 1967 2605 .-

452 2628 499 2668 31)
547 2629 678 2672 Bergk,
712 2631 830 2673 Preg.,
864 2631 994 2671 namn,
1028 2630 1264 2663 Reitzenstein
1296 2639 1328 2671 p.
1356 2628 1428 2661 ¹13.
1463 2646 1505 2651 —
1538 2628 1697 2662 Jacobsio
1718 2628 1814 2671 (app.
1834 2626 1918 2668 ¹67)
1937 2629 2050 2670 utque

408 2684 675 2718 Sclmeidewino
708 2686 811 2719 lectio
845 2685 958 2719 εἴκοσι
994 2687 1115 2728 ignota
1149 2690 1245 2725 erat3
1291 2685 1454 2718 Scholion
1492 2685 1707 2718 Aris-tidelim
1747 2682 2047 2717 memeumum

409 2742 545 2774 novisse
577 2752 645 2775 non
678 2746 889 2784 potuerunt,
923 2743 1090 2775 Suideam
1122 2743 1274 2785 glossam
1307 2742 1416 2784 (quac
1447 2742 1556 2774 etiam
1587 2741 1686 2774 deoet
1715 2740 1810 2783 apud
1840 2736 2047 2783 Berginium)

411 2799 731 2840 praetermiserant.

453 2853 500 2895 32)
547 2855 656 2889 lliller
691 2865 722 2897 p.
753 2854 840 2887 229:
875 2852 952 2886 ‘von
978 2854 1188 2887 besonderer
1214 2853 1444 2896 Wichtigkeit
1468 2854 1526 2886 fur
1548 2854 1604 2886 die
1627 2853 1752 2892 Quelle
1773 2853 1839 2886 der
1860 2851 2048 2891 Aristide-

409 2911 572 2943 Scholien
597 2911 643 2944 ist
667 2911 799 2944 hiet-bei
824 2911 886 2943 der
912 2909 1107 2951 Ummium,
1139 2910 1219 2943 dass
1242 2910 1298 2942 die
1321 2911 1572 2943 entstellte
1597 2909 1719 2942 Lesart
1740 2907 1855 2941 εἴκοσι
1875 2911 1966 2942 Μ
1985 2906 2050 2941 des

410 2966 466 2999 bei
489 2967 660 3000 Aristides
682 2967 791 3000 selbst
813 2966 1010 2999 stehenden
1033 2963 1132 2999 ἐννέα
1156 2967 1236 2999 dem
1261 2966 1481 2999 Scholiasten
1504 2966 1575 2998 und
1597 2965 1724 2999 Suidns
1742 2965 1959 3008 gemeinsam
1980 2962 2048 2997 Μ’.

412 3021 492 3064 Pag.
514 3021 582 3054 230
617 3033 650 3055 n.
673 3022 712 3055 3:
747 3023 839 3056 ‘dass
875 3023 1089 3066 umgekehrt
1122 3020 1233 3055 εἴκοσι
1270 3023 1306 3055 in
1340 3019 1438 3055 ἐννέα
1474 3023 1647 3065 geiindert
1680 3022 1822 3055 worden
1856 3021 1927 3063 sei,
1961 3018 2046 3053 vird

410 3078 615 3112 sehwerlich
637 3080 781 3121 jemand
806 3078 1183 3113 annehmen‘wollen'.
