2072 3568
857 208 931 248 111
1484 206 1509 260 g
1540 208 1710 248 61—-64.

76 337 169 377 Iovi
198 335 430 375 Liberatori
458 335 691 374 dedicatae:
725 332 912 385 (βωμὸς)
943 333 1135 385 κοινὴν
1163 333 1275 386 ἔχων
1303 333 1566 387 παράκλησιν
1595 335 1651 379 εἴς
1675 350 1714 374 τε

75 400 279 454 ὁμόνοιαν
306 400 376 441 καὶ
404 399 449 439 τὸ
478 403 563 440 τῶν
591 399 827 451 βαρβάρων
855 402 1148 451 καταφρονεῖν.
1190 400 1465 450 Epigramma
1495 399 1642 451 (idque
1670 401 1712 439 in

76 470 193 507 textu
221 467 277 516 A,
310 468 362 506 cf.
391 479 431 505 v.
461 466 551 517 2(3)
583 464 809 516 ἐλεύθερον
833 463 998 504 Ἑλλάδι
1027 463 1237 515 κοινόν,
1270 466 1343 515 qui
1372 467 1490 505 locus
1519 467 1561 504 in
1595 466 1623 505 S
1654 467 1714 505 sic

0 545 22 575 ·,»
74 533 321 583 praebetur:
352 531 383 572 ἒ.
407 530 466 571 Ἑ.
496 530 724 583 κόσμον)
740 530 792 581 53)
820 532 1041 570 invenerat
1066 531 1272 569 Aristides
1297 533 1411 581 apud
1437 532 1713 570 Plutarchum

74 598 200 637 Arist.
245 598 315 647 1-9,
358 609 444 647 quo
482 598 598 636 fonte
637 597 808 646 saepius
846 608 944 635 eum
983 608 1111 634 usum
1141 608 1235 635 esse
1263 599 1429 635 constat
1460 596 1529 647 (cf.
1565 598 1714 635 Busolt

77 661 152 701 11².
185 662 263 702 630
288 692 297 701 .

129 728 200 777 At,
247 661 505 776 q)uaesiverit
543 727 663 776 quis,
711 719 853 765 non'ne
890 738 954 776 ep.
991 726 1088 776 146,
1132 727 1246 775 quod
1289 726 1547 766 Simonidem
1586 727 1714 768 αὐτὸν

76 791 132 837 εἰς
167 791 316 832 ἑαυτὸν
353 793 595 831 condidisse
631 792 838 830 Aristides
876 792 1085 840 affirmat,
1129 792 1274 830 testari
1305 792 1473 830 videtur
1503 794 1712 832 rhetorem

75 858 287 908 cognitam
335 858 538 897 habuisse
591 857 934 896 Simonidem-um
984 857 1339 907 epigrammatum
1389 859 1672 898 collectionem
1691 859 1711 898 ’.ἓ

74 924 168 962 Non
196 924 359 973 opinor.
393 924 500 962 Nam
529 924 572 962 in
602 923 828 973 propatulo
856 928 920 961 est
953 922 1184 962 Simonidis
1214 923 1506 961 auctoritatem
1537 925 1712 963 ascitam

75 990 203 1038 atque
238 989 433 1028 effectam
462 1000 556 1027 esse
583 1001 635 1027 ex
664 989 845 1027 disticho
874 988 967 1038 ipso
995 986 1063 1038 54).
1111 988 1257 1036 Neque
1285 988 1538 1027 documento
1567 990 1713 1028 afferri

0 1066 6 1096 3
75 1055 211 1104 potest
238 1054 357 1093 locus
386 1054 440 1093 de
467 1055 525 1092 IV
554 1054 657 1092 viris
686 1054 764 1092 215
790 1055 862 1092 D.:
894 1052 1025 1092 καίτοι
1044 1051 1166 1092 τοῦτό
1192 1052 1297 1092 ἐστιν
1316 1052 1526 1104 ἐγγυτέρω
1547 1053 1712 1106 θρήνου

74 1117 183 1164 τινὸς
221 1120 247 1172 ἢ
284 1119 493 1171 μέμψεως
531 1117 602 1159 καὶ
639 1121 842 1170 τιμῶντος
877 1117 1038 1169 μᾶλλον
1076 1118 1100 1170 ἢ
1130 1117 1395 1164 κακίζοντος,
1438 1118 1582 1170 ὥσπερ
1621 1120 1713 1164 οὓς

16 1183 390 1238 -’Σιμωνίὸης
426 1183 612 1225 εἰώθει
648 1186 805 1236 τιμᾶν
843 1183 894 1223 ἒν
932 1186 1042 1227 τοῖς
1080 1182 1488 1234 ἐπιγράμμασιν
1515 1185 1591 1235 55),
1639 1187 1712 1235 qui

74 1262 293 1290 recurrere
320 1251 488 1290 videtur
516 1251 571 1289 ad
598 1251 737 1289 locum
768 1250 1064 1288 Aristoteleum
1091 1249 1210 1287 Rhet.
1243 1249 1276 1287 l.
1308 1249 1345 1287 9.
1375 1249 1422 1287 31
1451 1261 1582 1299 supra
1615 1250 1639 1301 ξ
1662 1251 1711 1290 37

73 1317 322 1365 tractatum,
355 1316 407 1355 cf.
443 1314 468 1366 ξ
501 1315 576 1355 132
603 1314 672 1366 56).

129 1379 156 1432 ξ
187 1380 250 1420 63.
312 1379 379 1420 De
416 1379 685 1420 condicione
721 1379 843 1420 inter
880 1378 1138 1419 Aristidem
1168 1378 1356 1430 eiusque
1384 1378 1582 1420 Scholia.
1630 1382 1712 1427 Qui

74 1445 167 1484 fieri
204 1446 409 1496 potuerit,
448 1448 496 1484 ut
530 1447 574 1485 in
607 1446 787 1485 Scholiis
816 1457 909 1495 epp.
930 1445 981 1484 97
1013 1443 1074 1495 (in
1103 1445 1303 1483 omnibus
1332 1445 1475 1496 codd.)
1507 1448 1546 1485 et
1571 1446 1622 1486 90
1651 1447 1711 1498 (in

75 1522 161 1550 uno
189 1511 279 1550 cod.
305 1523 381 1550 nec
405 1510 625 1561 primario)
648 1511 954 1561 praeberentur
974 1511 1017 1548 in
1039 1522 1087 1549 ea
1107 1510 1266 1559 forma,
1301 1522 1411 1559 quae
1431 1511 1484 1549 ab
1503 1512 1711 1551 Aristidea

74 1576 244 1615 diversa
281 1578 366 1626 est,
409 1577 530 1616 facile
558 1577 793 1626 expeditur.
841 1577 959 1615 Inter
987 1576 1222 1615 orationem
1252 1577 1303 1614 de
1332 1578 1712 1628 paraphthegmate

12 1631 19 1657 ’ἶ
73 1643 202 1691 atque
228 1641 395 1681 Scholia
422 1643 663 1681 orationum
681 1642 860 1681 Panath.
885 1643 924 1680 et
949 1642 1001 1680 de
1021 1642 1079 1680 IV
1099 1642 1203 1680 viris
1225 1653 1278 1680 ne
1297 1642 1519 1681 minimum
1541 1644 1710 1692 quidem

8 1736 14 1747 2
74 1708 188 1746 extat
226 1708 457 1746 vinculum.
504 1708 556 1746 In
594 1708 749 1747 scholis
784 1719 857 1746 eae
891 1709 1058 1746 tantum
1094 1707 1307 1746 orationes
1345 1708 1427 1758 legi
1454 1708 1713 1757 tractarique

74 1772 287 1823 solebant,
321 1773 478 1823 quibus
507 1774 641 1824 gloria
670 1773 991 1812 Atheniensium
1019 1774 1092 1811 aut
1113 1773 1379 1822 philosophia
1401 1773 1707 1812 illustrabatur.

75 1837 126 1876 In
154 1838 214 1877 eis
243 1839 345 1877 solis
375 1839 487 1878 vires
516 1839 866 1888 periclitabantur
895 1840 1270 1888 commentatores,
1309 1841 1471 1878 ceterae
1499 1840 1711 1878 orationes

19 1937 21 1939 ,
74 1904 239 1942 tantum
279 1915 362 1942 non
393 1915 541 1943 omnes
571 1904 919 1954 neglegebantur.
970 1903 1206 1943 Scholiasta
1235 1904 1475 1943 orationum
1506 1905 1711 1943 Panathe-

75 1968 219 2007 naicae
245 1970 286 2007 et
314 1969 367 2007 de
394 1969 451 2007 IV
481 1969 584 2008 viris
615 1969 766 2008 seriem
796 1969 1050 2007 Aristideam
1076 1969 1433 2019 epigrammatum
1454 1981 1528 2008 sex
1548 1970 1710 2008 concla-

74 2035 231 2072 matam
270 2046 324 2073 ne
358 2035 475 2073 novit
510 2035 695 2084 quidem.
743 2035 883 2074 Unum
914 2036 1082 2073 tantum
1111 2035 1373 2085 epigramma
1402 2046 1453 2073 ex
1482 2035 1562 2072 illis
1595 2034 1709 2085 (142)

74 2099 289 2150 cognitum
318 2100 522 2150 habebat,
555 2100 598 2138 id
627 2112 728 2139 vero
757 2112 808 2139 ex
837 2112 898 2139 or.
932 2101 984 2139 de
1013 2101 1070 2139 IV
1099 2100 1222 2148 viris;
1253 2101 1368 2149 quod
1397 2112 1448 2139 ex
1478 2100 1711 2150 Meleagrea

75 2164 240 2204 Corona
273 2165 503 2205 Simonidis
533 2166 784 2205 auctoritate
812 2166 1029 2204 instruxit.

668 2290 729 2329 10.
792 2298 1112 2330 HERomANth.

130 2406 156 2459 ξ
187 2407 250 2447 64.
311 2407 379 2448 De
407 2407 667 2460 Meleayrea
696 2407 879 2449 Corona
909 2407 1176 2448 Herodiam‘
1203 2408 1340 2447 fonte.
1402 2409 1574 2459 Legitur
1596 2409 1710 2458 apud

75 2472 366 2512 Herodianum
395 2487 438 2512 π.
471 2487 567 2525 μον.
600 2472 681 2520 λεξ.
715 2474 772 2513 ΙΙ.
806 2474 903 2523 950,
939 2475 987 2513 14
1018 2474 1087 2512 L.:
1119 2471 1191 2524 ἦν.
1218 2472 1343 2513 οὐδὲν
1364 2472 1480 2526 ῥῆμα
1503 2472 1711 2524 ὁριστικὸν

117 2636 164 2679 53)
211 2639 259 2671 Dc
287 2643 405 2671 textus
429 2639 456 2671 Α
482 2638 689 2672 difficultate
713 2643 749 2672 et
773 2640 815 2671 de
840 2640 1014 2672 Aristidca
1038 2639 1238 2681 paraphrasi
1263 2639 1306 2671 cf.
1331 2638 1347 2678 ἓ
1371 2638 1447 2679 137,
1471 2638 1492 2670 3
1515 2643 1551 2671 et
1578 2651 1608 2672 n.
1633 2639 1664 2672 2.

117 2692 165 2735 5⁴)
211 2695 408 2737 Distiehon,
441 2696 533 2738 quod
568 2705 611 2728 ne
643 2696 812 2729 Aristides
845 2696 989 2738 quidem
1022 2697 1253 2737 epiqramma
1281 2706 1356 2727 esse
1380 2696 1480 2733 «licit,
1513 2696 1645 2728 scilicet
1669 2707 1708 2728 ex

75 2760 126 2792 ep.
149 2750 214 2783 147
246 2751 437 2785 formatum
470 2756 543 2794 est,
577 2753 669 2795 quod
696 2753 764 2785 iam
792 2758 884 2785 reete
911 2753 997 2784 vidit
1022 2752 1142 2784 Kaibel
1169 2763 1199 2793 p.
1224 2751 1290 2783 454
1313 2751 1371 2791 (cf.
1398 2752 1537 2785 Wilnm.
1564 2763 1593 2793 p.
1619 2752 1708 2785 2310).

77 2806 188 2850 Bergk
211 2812 334 2840 contra
355 2808 580 2851 choregicum
605 2819 657 2850 ep.
682 2809 910 2842 subditicinm
936 2819 1010 2841 esse
1037 2809 1122 2840 mire
1147 2808 1323 2840 indicavit.

119 2860 166 2904 55)
212 2863 260 2895 Ad
283 2864 378 2896 hunc
399 2866 513 2897 locum
535 2865 691 2898 scholion
713 2875 743 2907 p.
757 2863 823 2897 533
845 2865 943 2896 Dind.
967 2875 996 2906 p.
1009 2863 1069 2896 ‘201
1095 2864 1146 2896 Fr.
1167 2867 1265 2896 extat
1286 2864 1328 2895 «le
1349 2863 1537 2895 Simonidis
1557 2865 1709 2905 somnio,

41 2954 47 2961 ᾗ
75 2919 167 2961 qnod
193 2920 339 2961 excripsi
364 2919 380 2960 ἓ
404 2919 458 2953 58.

118 2973 165 3016 ⁵⁸)
214 2976 282 3009 Hac
316 2977 351 3008 in
388 2977 626 3019 disputatione
659 2987 726 3010 non
760 2977 885 3018 attuli,
919 2977 1011 3018 qnod
1045 2977 1309 3018 epigrammatis
1340 2976 1405 3008 14⁶2
1438 2980 1560 3008 :uictor
1591 2977 1633 3007 dc
1667 2977 1708 3007 lv

77 3031 158 3064 viris
178 3031 244 3064 ‘209
269 3033 307 3065 D.
331 3032 515 3066 indefinito
540 3034 743 3075 pronomine
768 3044 817 3069 τις
842 3033 1027 3065 indicatur.
1059 3033 1149 3065 Nam
1177 3044 1230 3065 res
1254 3033 1282 3064 si
1308 3033 1353 3064 ita
1382 3033 1504 3072 ferret,
1531 3033 1706 3064 rhetorem

75 3088 216 3120 consilio
241 3089 465 3130 neglegentia
489 3099 592 3122 nsum
618 3099 693 3122 esse
720 3090 897 3131 putaveris
920 3088 979 3129 (cf.
1005 3099 1037 3121 n.
1063 3087 1130 3128 17).
