<?xml version="1.0" encoding="UTF-8"?>
<!DOCTYPE html PUBLIC "-//W3C//DTD XHTML 1.0 Transitional//EN"
    "http://www.w3.org/TR/xhtml1/DTD/xhtml1-transitional.dtd">
<html xmlns="http://www.w3.org/1999/xhtml" xml:lang="en" lang="en">
 <head>
  <title>
</title>
<meta http-equiv="Content-Type" content="text/html;charset=utf-8" />
  <meta name='ocr-system' content='tesseract 3.04.00' />
  <meta name='ocr-capabilities' content='ocr_page ocr_carea ocr_par ocr_line ocrx_word'/>
</head>
<body>
  <div class='ocr_page' id='page_1' title='image "./deepigrammatasim00boasuoft_0100.png"; bbox 0 0 2072 3568; ppageno 0'>
   <div class='ocr_carea' id='block_1_1' title="bbox 360 192 1203 250">
    <p class='ocr_par' dir='ltr' id='par_1_1' title="bbox 360 192 1203 250">
     <span class='ocr_line' id='line_1_1' title="bbox 360 192 1203 250; baseline -0.006 -10"><span class='ocrx_word' id='word_1_1' title='bbox 360 198 459 250; x_wconf 77' lang='lat' dir='ltr'>cap.</span> <span class='ocrx_word' id='word_1_2' title='bbox 496 195 583 248; x_wconf 88' lang='lat'>111,</span> <span class='ocrx_word' id='word_1_3' title='bbox 620 196 653 238; x_wconf 90' lang='lat'>1.</span> <span class='ocrx_word' id='word_1_4' title='bbox 1153 192 1203 235; x_wconf 85' lang='lat'>78</span> 
     </span>
    </p>
   </div>
   <div class='ocr_carea' id='block_1_2' title="bbox 937 333 1413 374">
    <p class='ocr_par' dir='ltr' id='par_1_2' title="bbox 937 333 1413 374">
     <span class='ocr_line' id='line_1_2' title="bbox 937 333 1413 374; baseline -0.002 0"><span class='ocrx_word' id='word_1_5' title='bbox 937 333 971 374; x_wconf 88' lang='lat'>1.</span> <span class='ocrx_word' id='word_1_6' title='bbox 1034 340 1413 373; x_wconf 66' lang='lat' dir='ltr'>INSCRIP&#39;rlom-tss.</span> 
     </span>
    </p>
   </div>
   <div class='ocr_carea' id='block_1_3' title="bbox 359 451 1998 636">
    <p class='ocr_par' dir='ltr' id='par_1_3' title="bbox 359 451 1998 636">
     <span class='ocr_line' id='line_1_3' title="bbox 415 451 1998 505; baseline 0.001 -11"><span class='ocrx_word' id='word_1_7' title='bbox 415 455 440 505; x_wconf 59' lang='grc' dir='ltr'><strong>ξ</strong></span> <span class='ocrx_word' id='word_1_8' title='bbox 470 456 536 494; x_wconf 80' lang='lat'>40.</span> <span class='ocrx_word' id='word_1_9' title='bbox 600 452 664 493; x_wconf 73' lang='lat' dir='ltr'>De</span> <span class='ocrx_word' id='word_1_10' title='bbox 703 452 1006 505; x_wconf 69' lang='lat' dir='ltr'>inscriptione</span> <span class='ocrx_word' id='word_1_11' title='bbox 1041 451 1314 504; x_wconf 72' lang='lat' dir='ltr'>Meyarenm‘.</span> <span class='ocrx_word' id='word_1_12' title='bbox 1375 453 1482 492; x_wconf 90' lang='lat' dir='ltr'>Cum</span> <span class='ocrx_word' id='word_1_13' title='bbox 1513 454 1555 493; x_wconf 89' lang='lat' dir='ltr'>in</span> <span class='ocrx_word' id='word_1_14' title='bbox 1585 453 1763 504; x_wconf 86' lang='lat' dir='ltr'>antiquo</span> <span class='ocrx_word' id='word_1_15' title='bbox 1787 453 1998 505; x_wconf 72' lang='lat' dir='ltr'>epigram-</span> 
     </span>
     <span class='ocr_line' id='line_1_4' title="bbox 361 518 1998 571; baseline 0 -11"><span class='ocrx_word' id='word_1_16' title='bbox 361 521 484 560; x_wconf 88' lang='lat' dir='ltr'>matis</span> <span class='ocrx_word' id='word_1_17' title='bbox 513 522 626 559; x_wconf 89' lang='lat' dir='ltr'>statu</span> <span class='ocrx_word' id='word_1_18' title='bbox 659 522 777 570; x_wconf 85' lang='lat' dir='ltr'>poeta</span> <span class='ocrx_word' id='word_1_19' title='bbox 810 531 892 558; x_wconf 88' lang='lat' dir='ltr'>non</span> <span class='ocrx_word' id='word_1_20' title='bbox 921 521 1138 569; x_wconf 85' lang='lat' dir='ltr'>respectus</span> <span class='ocrx_word' id='word_1_21' title='bbox 1159 518 1235 567; x_wconf 87' lang='lat' dir='ltr'>sit,</span> <span class='ocrx_word' id='word_1_22' title='bbox 1270 518 1425 557; x_wconf 88' lang='lat' dir='ltr'>nedum</span> <span class='ocrx_word' id='word_1_23' title='bbox 1448 529 1600 558; x_wconf 89' lang='lat' dir='ltr'>nomen</span> <span class='ocrx_word' id='word_1_24' title='bbox 1621 518 1714 558; x_wconf 86' lang='lat' dir='ltr'>eius</span> <span class='ocrx_word' id='word_1_25' title='bbox 1733 518 1998 571; x_wconf 78' lang='lat' dir='ltr'>inscriptioni</span> 
     </span>
     <span class='ocr_line' id='line_1_5' title="bbox 359 583 1998 636; baseline 0 -11"><span class='ocrx_word' id='word_1_26' title='bbox 359 586 572 635; x_wconf 84' lang='lat' dir='ltr'>additum,</span> <span class='ocrx_word' id='word_1_27' title='bbox 629 585 751 624; x_wconf 89' lang='lat' dir='ltr'>valde</span> <span class='ocrx_word' id='word_1_28' title='bbox 799 585 929 623; x_wconf 87' lang='lat' dir='ltr'>miros</span> <span class='ocrx_word' id='word_1_29' title='bbox 980 595 1057 623; x_wconf 91' lang='lat' dir='ltr'>nos</span> <span class='ocrx_word' id='word_1_30' title='bbox 1106 583 1253 633; x_wconf 88' lang='lat' dir='ltr'>habet,</span> <span class='ocrx_word' id='word_1_31' title='bbox 1309 583 1423 633; x_wconf 89' lang='lat' dir='ltr'>quod</span> <span class='ocrx_word' id='word_1_32' title='bbox 1477 595 1612 623; x_wconf 88' lang='lat' dir='ltr'>unum</span> <span class='ocrx_word' id='word_1_33' title='bbox 1662 583 1748 635; x_wconf 88' lang='lat' dir='ltr'>(ep.</span> <span class='ocrx_word' id='word_1_34' title='bbox 1798 583 1895 636; x_wconf 86' lang='lat'><strong>107)</strong></span> <span class='ocrx_word' id='word_1_35' title='bbox 1945 595 1998 625; x_wconf 79' lang='lat' dir='ltr'>ex</span> 
     </span>
    </p>
   </div>
   <div class='ocr_carea' id='block_1_4' title="bbox 2022 0 2072 156">
    <p class='ocr_par' dir='ltr' id='par_1_4' title="bbox 2022 0 2072 156">
     <span class='ocr_line' id='line_1_6' title="bbox 2022 0 2072 156; baseline 0 3412"><span class='ocrx_word' id='word_1_36' title='bbox 2022 0 2072 156; x_wconf 95' lang='lat' dir='ltr'> </span> 
     </span>
    </p>
   </div>
   <div class='ocr_carea' id='block_1_5' title="bbox 359 648 2072 765">
    <p class='ocr_par' dir='ltr' id='par_1_5' title="bbox 359 648 2072 765">
     <span class='ocr_line' id='line_1_7' title="bbox 359 648 2068 702; baseline 0.001 -13"><span class='ocrx_word' id='word_1_37' title='bbox 359 652 549 702; x_wconf 82' lang='lat' dir='ltr'>quinque</span> <span class='ocrx_word' id='word_1_38' title='bbox 599 651 939 701; x_wconf 81' lang='lat' dir='ltr'>epigrammatis,</span> <span class='ocrx_word' id='word_1_39' title='bbox 996 660 1179 699; x_wconf 91' lang='lat' dir='ltr'>quorum</span> <span class='ocrx_word' id='word_1_40' title='bbox 1235 649 1437 699; x_wconf 81' lang='lat' dir='ltr'><strong>reliquiae</strong></span> <span class='ocrx_word' id='word_1_41' title='bbox 1478 649 1520 688; x_wconf 91' lang='lat' dir='ltr'>in</span> <span class='ocrx_word' id='word_1_42' title='bbox 1565 649 1670 700; x_wconf 87' lang='lat' dir='ltr'>ipsis</span> <span class='ocrx_word' id='word_1_43' title='bbox 1711 648 2000 691; x_wconf 71' lang='lat' dir='ltr'>marmoribus</span> <span class='ocrx_word' id='word_1_44' title='bbox 2066 663 2068 666; x_wconf 66' lang='grc'>’</span> 
     </span>
     <span class='ocr_line' id='line_1_8' title="bbox 359 714 2072 765; baseline 0 -9"><span class='ocrx_word' id='word_1_45' title='bbox 359 717 649 765; x_wconf 87' lang='lat' dir='ltr'>inveniuntur,</span> <span class='ocrx_word' id='word_1_46' title='bbox 675 715 803 765; x_wconf 89' lang='lat' dir='ltr'>idque</span> <span class='ocrx_word' id='word_1_47' title='bbox 822 714 993 754; x_wconf 81' lang='lat' dir='ltr'><strong>aliunde</strong></span> <span class='ocrx_word' id='word_1_48' title='bbox 1016 714 1230 765; x_wconf 86' lang='lat' dir='ltr'>ignotum,</span> <span class='ocrx_word' id='word_1_49' title='bbox 1256 714 1297 752; x_wconf 90' lang='lat' dir='ltr'>in</span> <span class='ocrx_word' id='word_1_50' title='bbox 1320 714 1459 764; x_wconf 88' lang='lat' dir='ltr'>lapide</span> <span class='ocrx_word' id='word_1_51' title='bbox 1478 714 1571 764; x_wconf 86' lang='lat' dir='ltr'>ipso</span> <span class='ocrx_word' id='word_1_52' title='bbox 1593 714 1837 755; x_wconf 74' lang='lat' dir='ltr'>Simoniden</span> <span class='ocrx_word' id='word_1_53' title='bbox 1854 716 1999 756; x_wconf 73' lang='lat' dir='ltr'>aueto-</span> <span class='ocrx_word' id='word_1_54' title='bbox 2047 721 2050 724; x_wconf 77' lang='grc'><em>’</em></span> <span class='ocrx_word' id='word_1_55' title='bbox 2070 739 2072 741; x_wconf 82' lang='grc'><em>·</em></span> 
     </span>
    </p>
   </div>
   <div class='ocr_carea' id='block_1_6' title="bbox 361 779 2067 831">
    <p class='ocr_par' dir='ltr' id='par_1_6' title="bbox 361 779 2067 831">
     <span class='ocr_line' id='line_1_9' title="bbox 361 779 2067 831; baseline 0 -10"><span class='ocrx_word' id='word_1_56' title='bbox 361 783 482 821; x_wconf 79' lang='lat' dir='ltr'>ritate</span> <span class='ocrx_word' id='word_1_57' title='bbox 509 784 708 820; x_wconf 89' lang='lat' dir='ltr'>ornatum</span> <span class='ocrx_word' id='word_1_58' title='bbox 728 783 805 819; x_wconf 88' lang='lat' dir='ltr'>est.</span> <span class='ocrx_word' id='word_1_59' title='bbox 830 781 1024 819; x_wconf 82' lang='lat' dir='ltr'>Attamen</span> <span class='ocrx_word' id='word_1_60' title='bbox 1046 779 1266 830; x_wconf 82' lang='lat' dir='ltr'>inscriptio</span> <span class='ocrx_word' id='word_1_61' title='bbox 1285 779 1354 818; x_wconf 91' lang='lat' dir='ltr'>illa</span> <span class='ocrx_word' id='word_1_62' title='bbox 1374 781 1529 829; x_wconf 87' lang='lat' dir='ltr'>quarto</span> <span class='ocrx_word' id='word_1_63' title='bbox 1550 779 1614 819; x_wconf 91' lang='lat' dir='ltr'>vel</span> <span class='ocrx_word' id='word_1_64' title='bbox 1634 779 1786 830; x_wconf 85' lang='lat' dir='ltr'>quinto</span> <span class='ocrx_word' id='word_1_65' title='bbox 1801 779 1996 831; x_wconf 82' lang='lat' dir='ltr'>demum,</span> <span class='ocrx_word' id='word_1_66' title='bbox 2015 803 2019 806; x_wconf 89' lang='lat'><em>·</em></span> <span class='ocrx_word' id='word_1_67' title='bbox 2065 790 2067 792; x_wconf 78' lang='grc'><strong><em>·</em></strong></span> 
     </span>
    </p>
   </div>
   <div class='ocr_carea' id='block_1_7' title="bbox 359 844 2072 1093">
    <p class='ocr_par' dir='ltr' id='par_1_7' title="bbox 359 844 2072 1093">
     <span class='ocr_line' id='line_1_10' title="bbox 361 844 1999 895; baseline 0 -9"><span class='ocrx_word' id='word_1_68' title='bbox 361 848 542 886; x_wconf 84' lang='lat' dir='ltr'>fortasse</span> <span class='ocrx_word' id='word_1_69' title='bbox 576 846 681 885; x_wconf 87' lang='lat' dir='ltr'>adeo</span> <span class='ocrx_word' id='word_1_70' title='bbox 719 848 862 894; x_wconf 87' lang='lat' dir='ltr'>sexto,</span> <span class='ocrx_word' id='word_1_71' title='bbox 904 847 999 895; x_wconf 76' lang='lat' dir='ltr'>post</span> <span class='ocrx_word' id='word_1_72' title='bbox 1037 845 1138 884; x_wconf 86' lang='lat' dir='ltr'>Chr.</span> <span class='ocrx_word' id='word_1_73' title='bbox 1172 856 1212 883; x_wconf 93' lang='lat' dir='ltr'>n.</span> <span class='ocrx_word' id='word_1_74' title='bbox 1247 844 1416 884; x_wconf 91' lang='lat' dir='ltr'>saeculo</span> <span class='ocrx_word' id='word_1_75' title='bbox 1446 847 1511 884; x_wconf 86' lang='lat' dir='ltr'>est</span> <span class='ocrx_word' id='word_1_76' title='bbox 1540 844 1687 884; x_wconf 84' lang='lat' dir='ltr'>incisa.</span> <span class='ocrx_word' id='word_1_77' title='bbox 1729 844 1855 886; x_wconf 82' lang='lat' dir='ltr'>Edita</span> <span class='ocrx_word' id='word_1_78' title='bbox 1881 848 1947 886; x_wconf 82' lang='lat' dir='ltr'>est</span> <span class='ocrx_word' id='word_1_79' title='bbox 1972 855 1999 886; x_wconf 77' lang='lat' dir='ltr'>a</span> 
     </span>
     <span class='ocr_line' id='line_1_11' title="bbox 362 909 2072 963; baseline 0.001 -12"><span class='ocrx_word' id='word_1_80' title='bbox 362 912 572 951; x_wconf 88' lang='lat' dir='ltr'>Boeckhio</span> <span class='ocrx_word' id='word_1_81' title='bbox 607 923 631 950; x_wconf 92' lang='lat' dir='ltr'>e</span> <span class='ocrx_word' id='word_1_82' title='bbox 659 911 826 951; x_wconf 87' lang='lat' dir='ltr'>schedis</span> <span class='ocrx_word' id='word_1_83' title='bbox 857 910 1105 950; x_wconf 82' lang='lat' dir='ltr'>Fourmonti</span> <span class='ocrx_word' id='word_1_84' title='bbox 1136 909 1245 949; x_wconf 88' lang='lat' dir='ltr'>CIG.</span> <span class='ocrx_word' id='word_1_85' title='bbox 1280 909 1378 949; x_wconf 84' lang='lat'>1051</span> <span class='ocrx_word' id='word_1_86' title='bbox 1413 909 1547 960; x_wconf 90' lang='lat' dir='ltr'>(unde</span> <span class='ocrx_word' id='word_1_87' title='bbox 1576 910 1750 961; x_wconf 85' lang='lat' dir='ltr'>repetita</span> <span class='ocrx_word' id='word_1_88' title='bbox 1779 909 1998 963; x_wconf 62' lang='lat' dir='ltr'>cmfflpt.</span> <span class='ocrx_word' id='word_1_89' title='bbox 2066 955 2072 963; x_wconf 33' lang='grc'>1</span> 
     </span>
     <span class='ocr_line' id='line_1_12' title="bbox 362 974 2072 1027; baseline 0.001 -10"><span class='ocrx_word' id='word_1_90' title='bbox 362 978 395 1017; x_wconf 87' lang='grc' dir='ltr'>Ι.</span> <span class='ocrx_word' id='word_1_91' title='bbox 428 977 498 1027; x_wconf 83' lang='grc'>53,</span> <span class='ocrx_word' id='word_1_92' title='bbox 533 977 651 1016; x_wconf 89' lang='lat' dir='ltr'>Kaib.</span> <span class='ocrx_word' id='word_1_93' title='bbox 675 975 786 1026; x_wconf 87' lang='grc'><strong>461).</strong></span> <span class='ocrx_word' id='word_1_94' title='bbox 823 976 968 1026; x_wconf 88' lang='lat' dir='ltr'>Lapis,</span> <span class='ocrx_word' id='word_1_95' title='bbox 1001 976 1074 1025; x_wconf 89' lang='lat' dir='ltr'>qui</span> <span class='ocrx_word' id='word_1_96' title='bbox 1104 976 1333 1015; x_wconf 83' lang='lat' dir='ltr'>evanuisse</span> <span class='ocrx_word' id='word_1_97' title='bbox 1352 975 1577 1015; x_wconf 89' lang='lat' dir='ltr'>videbatur</span> <span class='ocrx_word' id='word_1_98' title='bbox 1595 978 1725 1026; x_wconf 89' lang='lat' dir='ltr'>atque</span> <span class='ocrx_word' id='word_1_99' title='bbox 1741 975 1816 1016; x_wconf 89' lang='lat' dir='ltr'>diu</span> <span class='ocrx_word' id='word_1_100' title='bbox 1836 974 1999 1018; x_wconf 73' lang='lat' dir='ltr'>trustra</span> <span class='ocrx_word' id='word_1_101' title='bbox 2070 976 2072 978; x_wconf 75' lang='grc'><strong>’</strong></span> 
     </span>
     <span class='ocr_line' id='line_1_13' title="bbox 359 1040 1999 1093; baseline 0 -11"><span class='ocrx_word' id='word_1_102' title='bbox 359 1045 449 1083; x_wconf 87' lang='lat' dir='ltr'>erat</span> <span class='ocrx_word' id='word_1_103' title='bbox 478 1043 720 1093; x_wconf 88' lang='lat' dir='ltr'>quaesitus,</span> <span class='ocrx_word' id='word_1_104' title='bbox 754 1053 868 1081; x_wconf 88' lang='lat' dir='ltr'>anno</span> <span class='ocrx_word' id='word_1_105' title='bbox 887 1040 987 1081; x_wconf 84' lang='lat'>1898</span> <span class='ocrx_word' id='word_1_106' title='bbox 1006 1041 1151 1081; x_wconf 91' lang='lat' dir='ltr'>eodem</span> <span class='ocrx_word' id='word_1_107' title='bbox 1173 1041 1286 1091; x_wconf 77' lang='lat'>1000,</span> <span class='ocrx_word' id='word_1_108' title='bbox 1319 1052 1405 1091; x_wconf 91' lang='lat' dir='ltr'>quo</span> <span class='ocrx_word' id='word_1_109' title='bbox 1426 1041 1661 1080; x_wconf 85' lang='lat' dir='ltr'>Fourmont</span> <span class='ocrx_word' id='word_1_110' title='bbox 1680 1040 1999 1093; x_wconf 73' lang='lat' dir='ltr'>inscriptionem</span> 
     </span>
    </p>
   </div>
   <div class='ocr_carea' id='block_1_8' title="bbox 360 1105 2072 1159">
    <p class='ocr_par' dir='ltr' id='par_1_8' title="bbox 360 1105 2072 1159">
     <span class='ocr_line' id='line_1_14' title="bbox 360 1105 2072 1159; baseline -0.002 -11"><span class='ocrx_word' id='word_1_111' title='bbox 360 1109 665 1159; x_wconf 79' lang='lat' dir='ltr'>descripserat,</span> <span class='ocrx_word' id='word_1_112' title='bbox 722 1107 1043 1155; x_wconf 90' lang='lat' dir='ltr'>Palaeochorio,</span> <span class='ocrx_word' id='word_1_113' title='bbox 1100 1106 1141 1145; x_wconf 90' lang='lat' dir='ltr'>in</span> <span class='ocrx_word' id='word_1_114' title='bbox 1192 1106 1284 1145; x_wconf 92' lang='lat' dir='ltr'>loco</span> <span class='ocrx_word' id='word_1_115' title='bbox 1326 1105 1579 1157; x_wconf 83' lang='lat' dir='ltr'>Megaridis,</span> <span class='ocrx_word' id='word_1_116' title='bbox 1634 1108 1830 1157; x_wconf 84' lang='lat' dir='ltr'>repertus</span> <span class='ocrx_word' id='word_1_117' title='bbox 1869 1107 1935 1147; x_wconf 75' lang='lat' dir='ltr'>est</span> <span class='ocrx_word' id='word_1_118' title='bbox 1973 1116 2000 1147; x_wconf 79' lang='lat' dir='ltr'>a</span> <span class='ocrx_word' id='word_1_119' title='bbox 2068 1136 2072 1145; x_wconf 50' lang='lat'>2</span> 
     </span>
    </p>
   </div>
   <div class='ocr_carea' id='block_1_9' title="bbox 361 1170 2002 1552">
    <p class='ocr_par' dir='ltr' id='par_1_9' title="bbox 361 1170 2002 1552">
     <span class='ocr_line' id='line_1_15' title="bbox 361 1170 1998 1223; baseline -0.001 -10"><span class='ocrx_word' id='word_1_120' title='bbox 361 1174 600 1223; x_wconf 82' lang='lat' dir='ltr'>wilhelmo,</span> <span class='ocrx_word' id='word_1_121' title='bbox 642 1173 709 1212; x_wconf 89' lang='lat' dir='ltr'>cui</span> <span class='ocrx_word' id='word_1_122' title='bbox 749 1172 1051 1211; x_wconf 89' lang='lat' dir='ltr'>nitidissimum</span> <span class='ocrx_word' id='word_1_123' title='bbox 1090 1171 1294 1210; x_wconf 86' lang='lat' dir='ltr'>debemus</span> <span class='ocrx_word' id='word_1_124' title='bbox 1328 1171 1624 1222; x_wconf 84' lang='lat' dir='ltr'>apographum</span> <span class='ocrx_word' id='word_1_125' title='bbox 1656 1170 1716 1222; x_wconf 89' lang='lat' dir='ltr'>(p.</span> <span class='ocrx_word' id='word_1_126' title='bbox 1747 1170 1998 1223; x_wconf 72' lang='lat' dir='ltr'>ass—242).</span> 
     </span>
     <span class='ocr_line' id='line_1_16' title="bbox 362 1235 1998 1288; baseline -0.002 -8"><span class='ocrx_word' id='word_1_127' title='bbox 362 1241 425 1279; x_wconf 86' lang='lat' dir='ltr'>Ex</span> <span class='ocrx_word' id='word_1_128' title='bbox 459 1251 508 1279; x_wconf 92' lang='lat' dir='ltr'>eo</span> <span class='ocrx_word' id='word_1_129' title='bbox 538 1238 778 1278; x_wconf 87' lang='lat' dir='ltr'>Hicks-Hill</span> <span class='ocrx_word' id='word_1_130' title='bbox 810 1237 1001 1287; x_wconf 87' lang='lat' dir='ltr'>(Manual</span> <span class='ocrx_word' id='word_1_131' title='bbox 1036 1237 1081 1275; x_wconf 91' lang='lat' dir='ltr'>of</span> <span class='ocrx_word' id='word_1_132' title='bbox 1116 1236 1253 1276; x_wconf 85' lang='lat' dir='ltr'>Greek</span> <span class='ocrx_word' id='word_1_133' title='bbox 1294 1236 1404 1275; x_wconf 87' lang='lat' dir='ltr'>Hist.</span> <span class='ocrx_word' id='word_1_134' title='bbox 1438 1236 1602 1286; x_wconf 86' lang='lat' dir='ltr'>Inscr.,</span> <span class='ocrx_word' id='word_1_135' title='bbox 1635 1235 1734 1276; x_wconf 82' lang='lat' dir='ltr'>Oxf.</span> <span class='ocrx_word' id='word_1_136' title='bbox 1769 1235 1892 1288; x_wconf 78' lang='lat'>19⁰1)</span> <span class='ocrx_word' id='word_1_137' title='bbox 1931 1235 1998 1278; x_wconf 86' lang='grc'>17.</span> 
     </span>
     <span class='ocr_line' id='line_1_17' title="bbox 362 1299 2001 1354; baseline -0.001 -10"><span class='ocrx_word' id='word_1_138' title='bbox 362 1305 548 1344; x_wconf 89' lang='lat' dir='ltr'>Carmini</span> <span class='ocrx_word' id='word_1_139' title='bbox 587 1303 849 1354; x_wconf 90' lang='lat' dir='ltr'>prooemium</span> <span class='ocrx_word' id='word_1_140' title='bbox 879 1302 958 1341; x_wconf 90' lang='lat' dir='ltr'>hoc</span> <span class='ocrx_word' id='word_1_141' title='bbox 987 1302 1270 1352; x_wconf 86' lang='lat' dir='ltr'>praemissum</span> <span class='ocrx_word' id='word_1_142' title='bbox 1299 1304 1383 1341; x_wconf 86' lang='lat' dir='ltr'>est:</span> <span class='ocrx_word' id='word_1_143' title='bbox 1413 1299 1459 1340; x_wconf 75' lang='grc' dir='ltr'>τὸ</span> <span class='ocrx_word' id='word_1_144' title='bbox 1487 1299 1733 1353; x_wconf 76' lang='grc' dir='ltr'><em>ἐπίγραμμα</em></span> <span class='ocrx_word' id='word_1_145' title='bbox 1761 1301 1847 1342; x_wconf 71' lang='grc' dir='ltr'>τῶν</span> <span class='ocrx_word' id='word_1_146' title='bbox 1872 1299 1919 1342; x_wconf 71' lang='grc' dir='ltr'>ἕν</span> <span class='ocrx_word' id='word_1_147' title='bbox 1940 1301 2001 1341; x_wconf 78' lang='grc' dir='ltr'>τῶ</span> 
     </span>
     <span class='ocr_line' id='line_1_18' title="bbox 364 1363 1999 1421; baseline -0.001 -12"><span class='ocrx_word' id='word_1_148' title='bbox 364 1368 564 1421; x_wconf 57' lang='lat' dir='ltr'>lle-9012&amp;</span> <span class='ocrx_word' id='word_1_149' title='bbox 588 1366 765 1419; x_wconf 80' lang='grc' dir='ltr'><em>πολέμω</em></span> <span class='ocrx_word' id='word_1_150' title='bbox 791 1365 1101 1407; x_wconf 75' lang='grc' dir='ltr'><em>ἀποθανόντων</em></span> <span class='ocrx_word' id='word_1_151' title='bbox 1123 1365 1172 1406; x_wconf 84' lang='grc' dir='ltr'>κὲ</span> <span class='ocrx_word' id='word_1_152' title='bbox 1195 1364 1442 1418; x_wconf 80' lang='grc' dir='ltr'><strong><em>κειμένω[ν]</em></strong></span> <span class='ocrx_word' id='word_1_153' title='bbox 1470 1366 1476 1416; x_wconf 96' lang='grc' dir='ltr'>Ι</span> <span class='ocrx_word' id='word_1_154' title='bbox 1501 1364 1685 1406; x_wconf 74' lang='grc' dir='ltr'><strong><em>ἐνταῦθα</em></strong></span> <span class='ocrx_word' id='word_1_155' title='bbox 1707 1365 1868 1420; x_wconf 70' lang='grc' dir='ltr'><em>ἡρώων</em></span> <span class='ocrx_word' id='word_1_156' title='bbox 1890 1363 1999 1407; x_wconf 73' lang='grc' dir='ltr'><strong>ἁπο-</strong></span> 
     </span>
     <span class='ocr_line' id='line_1_19' title="bbox 361 1430 2002 1486; baseline 0 -12"><span class='ocrx_word' id='word_1_157' title='bbox 361 1434 540 1486; x_wconf 77' lang='grc' dir='ltr'><em>λόμενον</em></span> <span class='ocrx_word' id='word_1_158' title='bbox 564 1433 609 1474; x_wconf 80' lang='grc' dir='ltr'>δὲ</span> <span class='ocrx_word' id='word_1_159' title='bbox 633 1435 692 1473; x_wconf 77' lang='grc' dir='ltr'>τῶ</span> <span class='ocrx_word' id='word_1_160' title='bbox 712 1432 857 1486; x_wconf 77' lang='grc' dir='ltr'><strong><em>χρόνω</em></strong></span> <span class='ocrx_word' id='word_1_161' title='bbox 875 1430 1091 1477; x_wconf 73' lang='grc' dir='ltr'><strong><em>Ἑλλάὸιος</em></strong></span> <span class='ocrx_word' id='word_1_162' title='bbox 1110 1430 1135 1471; x_wconf 79' lang='lat'>(5</span> <span class='ocrx_word' id='word_1_163' title='bbox 1154 1430 1371 1484; x_wconf 80' lang='grc' dir='ltr'><strong><em>ἀρχιερεὺς</em></strong></span> <span class='ocrx_word' id='word_1_164' title='bbox 1390 1430 1601 1484; x_wconf 74' lang='grc' dir='ltr'>ἔπιγρῙαῙ-</span> <span class='ocrx_word' id='word_1_165' title='bbox 1627 1432 1633 1483; x_wconf 87' lang='grc' dir='ltr'>Ι</span> <span class='ocrx_word' id='word_1_166' title='bbox 1657 1433 1790 1485; x_wconf 73' lang='grc' dir='ltr'><strong><em>φῆναι</em></strong></span> <span class='ocrx_word' id='word_1_167' title='bbox 1807 1430 2002 1486; x_wconf 66' lang='grc' dir='ltr'>ἐποίησεν</span> 
     </span>
     <span class='ocr_line' id='line_1_20' title="bbox 361 1494 2000 1552; baseline 0 -13"><span class='ocrx_word' id='word_1_168' title='bbox 361 1501 396 1545; x_wconf 76' lang='grc' dir='ltr'>ῖς</span> <span class='ocrx_word' id='word_1_169' title='bbox 424 1499 566 1552; x_wconf 79' lang='grc' dir='ltr'><em>τειμὴν</em></span> <span class='ocrx_word' id='word_1_170' title='bbox 595 1501 678 1539; x_wconf 77' lang='grc' dir='ltr'>τῶν</span> <span class='ocrx_word' id='word_1_171' title='bbox 706 1498 914 1551; x_wconf 79' lang='grc' dir='ltr'><em>κειμένων</em></span> <span class='ocrx_word' id='word_1_172' title='bbox 937 1497 1007 1538; x_wconf 80' lang='grc' dir='ltr'>καὶ</span> <span class='ocrx_word' id='word_1_173' title='bbox 1031 1500 1102 1550; x_wconf 79' lang='grc' dir='ltr'>τῆς</span> <span class='ocrx_word' id='word_1_174' title='bbox 1124 1496 1304 1541; x_wconf 80' lang='grc' dir='ltr'>πόλεως.</span> <span class='ocrx_word' id='word_1_175' title='bbox 1334 1494 1629 1550; x_wconf 78' lang='grc' dir='ltr'><strong><em>Σιμωνίδης</em></strong></span> <span class='ocrx_word' id='word_1_176' title='bbox 1651 1496 1796 1539; x_wconf 77' lang='grc' dir='ltr'>ἐποίει.</span> <span class='ocrx_word' id='word_1_177' title='bbox 1825 1496 2000 1544; x_wconf 70' lang='lat' dir='ltr'>Quaed-</span> 
     </span>
    </p>
   </div>
   <div class='ocr_carea' id='block_1_10' title="bbox 362 1559 2072 1616">
    <p class='ocr_par' dir='ltr' id='par_1_10' title="bbox 362 1559 2072 1616">
     <span class='ocr_line' id='line_1_21' title="bbox 362 1559 2072 1616; baseline -0.002 -10"><span class='ocrx_word' id='word_1_178' title='bbox 362 1569 445 1616; x_wconf 87' lang='lat' dir='ltr'>tur,</span> <span class='ocrx_word' id='word_1_179' title='bbox 478 1566 593 1605; x_wconf 91' lang='lat' dir='ltr'>unde</span> <span class='ocrx_word' id='word_1_180' title='bbox 623 1565 844 1604; x_wconf 88' lang='lat' dir='ltr'>Helladius</span> <span class='ocrx_word' id='word_1_181' title='bbox 874 1565 985 1603; x_wconf 87' lang='lat' dir='ltr'>mille</span> <span class='ocrx_word' id='word_1_182' title='bbox 1013 1566 1107 1614; x_wconf 86' lang='lat' dir='ltr'>post</span> <span class='ocrx_word' id='word_1_183' title='bbox 1133 1563 1241 1603; x_wconf 87' lang='lat' dir='ltr'>bella</span> <span class='ocrx_word' id='word_1_184' title='bbox 1262 1563 1423 1602; x_wconf 87' lang='lat' dir='ltr'>Medica</span> <span class='ocrx_word' id='word_1_185' title='bbox 1443 1563 1570 1602; x_wconf 88' lang='lat' dir='ltr'>annis</span> <span class='ocrx_word' id='word_1_186' title='bbox 1590 1574 1747 1603; x_wconf 89' lang='lat' dir='ltr'>nomen</span> <span class='ocrx_word' id='word_1_187' title='bbox 1768 1562 2002 1604; x_wconf 76' lang='lat' dir='ltr'>Simonidis</span> <span class='ocrx_word' id='word_1_188' title='bbox 2070 1559 2072 1562; x_wconf 68' lang='grc'>’</span> 
     </span>
    </p>
   </div>
   <div class='ocr_carea' id='block_1_11' title="bbox 361 1627 2072 1682">
    <p class='ocr_par' dir='ltr' id='par_1_11' title="bbox 361 1627 2072 1682">
     <span class='ocr_line' id='line_1_22' title="bbox 361 1627 2072 1682; baseline -0.001 -12"><span class='ocrx_word' id='word_1_189' title='bbox 361 1632 536 1682; x_wconf 81' lang='lat' dir='ltr'>adipisci</span> <span class='ocrx_word' id='word_1_190' title='bbox 585 1631 789 1681; x_wconf 91' lang='lat' dir='ltr'>potuerit,</span> <span class='ocrx_word' id='word_1_191' title='bbox 840 1641 926 1679; x_wconf 91' lang='lat' dir='ltr'>qua</span> <span class='ocrx_word' id='word_1_192' title='bbox 973 1641 1070 1668; x_wconf 91' lang='lat' dir='ltr'>cum</span> <span class='ocrx_word' id='word_1_193' title='bbox 1110 1640 1154 1667; x_wconf 89' lang='lat' dir='ltr'>re</span> <span class='ocrx_word' id='word_1_194' title='bbox 1188 1628 1319 1668; x_wconf 85' lang='lat' dir='ltr'>altera</span> <span class='ocrx_word' id='word_1_195' title='bbox 1357 1631 1449 1667; x_wconf 87' lang='lat' dir='ltr'>arte</span> <span class='ocrx_word' id='word_1_196' title='bbox 1485 1628 1682 1668; x_wconf 79' lang='lat' dir='ltr'>cohaeret</span> <span class='ocrx_word' id='word_1_197' title='bbox 1717 1629 1912 1680; x_wconf 71' lang='lat' dir='ltr'>quaestio</span> <span class='ocrx_word' id='word_1_198' title='bbox 1946 1627 2003 1669; x_wconf 86' lang='lat' dir='ltr'>de</span> <span class='ocrx_word' id='word_1_199' title='bbox 2070 1642 2072 1646; x_wconf 73' lang='grc'>’</span> 
     </span>
    </p>
   </div>
   <div class='ocr_carea' id='block_1_12' title="bbox 361 1693 2003 2074">
    <p class='ocr_par' dir='ltr' id='par_1_12' title="bbox 361 1693 2003 2074">
     <span class='ocr_line' id='line_1_23' title="bbox 361 1693 2001 1748; baseline -0.001 -12"><span class='ocrx_word' id='word_1_200' title='bbox 361 1696 681 1748; x_wconf 85' lang='lat' dir='ltr'>epigrammatis</span> <span class='ocrx_word' id='word_1_201' title='bbox 710 1695 846 1746; x_wconf 90' lang='lat' dir='ltr'>ipsius</span> <span class='ocrx_word' id='word_1_202' title='bbox 875 1695 1004 1734; x_wconf 88' lang='lat' dir='ltr'>fonte.</span> <span class='ocrx_word' id='word_1_203' title='bbox 1038 1695 1088 1733; x_wconf 93' lang='lat' dir='ltr'>In</span> <span class='ocrx_word' id='word_1_204' title='bbox 1118 1705 1247 1744; x_wconf 90' lang='lat' dir='ltr'>quam</span> <span class='ocrx_word' id='word_1_205' title='bbox 1278 1694 1553 1733; x_wconf 86' lang='lat' dir='ltr'>Wilamowitz</span> <span class='ocrx_word' id='word_1_206' title='bbox 1584 1693 1646 1744; x_wconf 89' lang='lat' dir='ltr'>(p.</span> <span class='ocrx_word' id='word_1_207' title='bbox 1677 1693 1775 1745; x_wconf 82' lang='lat'>321)</span> <span class='ocrx_word' id='word_1_208' title='bbox 1805 1694 1842 1735; x_wconf 83' lang='lat' dir='ltr'>si</span> <span class='ocrx_word' id='word_1_209' title='bbox 1861 1693 2001 1745; x_wconf 77' lang='lat' dir='ltr'>inqui·</span> 
     </span>
     <span class='ocr_line' id='line_1_24' title="bbox 362 1759 2002 1811; baseline -0.001 -10"><span class='ocrx_word' id='word_1_210' title='bbox 362 1762 554 1811; x_wconf 82' lang='lat' dir='ltr'>sivisset,</span> <span class='ocrx_word' id='word_1_211' title='bbox 598 1772 682 1800; x_wconf 91' lang='lat' dir='ltr'>non</span> <span class='ocrx_word' id='word_1_212' title='bbox 717 1760 868 1810; x_wconf 89' lang='lat' dir='ltr'>opinor</span> <span class='ocrx_word' id='word_1_213' title='bbox 905 1760 1141 1809; x_wconf 90' lang='lat' dir='ltr'>putavisset</span> <span class='ocrx_word' id='word_1_214' title='bbox 1171 1759 1411 1809; x_wconf 82' lang='lat' dir='ltr'>pontificem</span> <span class='ocrx_word' id='word_1_215' title='bbox 1442 1759 1584 1809; x_wconf 85' lang='lat' dir='ltr'>ipsum</span> <span class='ocrx_word' id='word_1_216' title='bbox 1613 1770 1709 1799; x_wconf 90' lang='lat' dir='ltr'>cum</span> <span class='ocrx_word' id='word_1_217' title='bbox 1740 1761 2002 1800; x_wconf 71' lang='lat' dir='ltr'>restauraret</span> 
     </span>
     <span class='ocr_line' id='line_1_25' title="bbox 362 1824 2000 1877; baseline 0 -11"><span class='ocrx_word' id='word_1_218' title='bbox 362 1827 623 1877; x_wconf 86' lang='lat' dir='ltr'>epigramma</span> <span class='ocrx_word' id='word_1_219' title='bbox 662 1825 885 1864; x_wconf 77' lang='lat' dir='ltr'>effinxisse</span> <span class='ocrx_word' id='word_1_220' title='bbox 926 1824 1213 1864; x_wconf 88' lang='lat' dir='ltr'>Simonideam</span> <span class='ocrx_word' id='word_1_221' title='bbox 1243 1824 1552 1864; x_wconf 87' lang='lat' dir='ltr'>auctoritatem.</span> <span class='ocrx_word' id='word_1_222' title='bbox 1597 1824 1832 1865; x_wconf 79' lang='lat' dir='ltr'>videturne</span> <span class='ocrx_word' id='word_1_223' title='bbox 1857 1826 2000 1866; x_wconf 75' lang='lat' dir='ltr'>autem</span> 
     </span>
     <span class='ocr_line' id='line_1_26' title="bbox 365 1888 2003 1942; baseline -0.001 -11"><span class='ocrx_word' id='word_1_224' title='bbox 365 1892 585 1931; x_wconf 88' lang='lat' dir='ltr'>Helladius</span> <span class='ocrx_word' id='word_1_225' title='bbox 623 1891 794 1930; x_wconf 88' lang='lat' dir='ltr'>novisse</span> <span class='ocrx_word' id='word_1_226' title='bbox 831 1892 1155 1929; x_wconf 89' lang='lat' dir='ltr'>monumentum</span> <span class='ocrx_word' id='word_1_227' title='bbox 1193 1889 1454 1940; x_wconf 75' lang='lat' dir='ltr'>antiquum?</span> <span class='ocrx_word' id='word_1_228' title='bbox 1499 1890 1592 1929; x_wconf 85' lang='lat' dir='ltr'>Hoc</span> <span class='ocrx_word' id='word_1_229' title='bbox 1627 1888 1861 1931; x_wconf 70' lang='lat' dir='ltr'>credidizse</span> <span class='ocrx_word' id='word_1_230' title='bbox 1895 1892 2003 1942; x_wconf 79' lang='lat' dir='ltr'>puto</span> 
     </span>
     <span class='ocr_line' id='line_1_27' title="bbox 364 1954 2003 2008; baseline 0 -11"><span class='ocrx_word' id='word_1_231' title='bbox 364 1960 530 2008; x_wconf 89' lang='lat' dir='ltr'>praeter</span> <span class='ocrx_word' id='word_1_232' title='bbox 580 1955 944 1995; x_wconf 89' lang='lat' dir='ltr'>Wilamowitzium</span> <span class='ocrx_word' id='word_1_233' title='bbox 999 1955 1257 2004; x_wconf 88' lang='lat' dir='ltr'>Kaibelium,</span> <span class='ocrx_word' id='word_1_234' title='bbox 1314 1955 1382 1994; x_wconf 88' lang='lat' dir='ltr'>cui</span> <span class='ocrx_word' id='word_1_235' title='bbox 1424 1955 1492 1994; x_wconf 92' lang='lat' dir='ltr'>ille</span> <span class='ocrx_word' id='word_1_236' title='bbox 1534 1966 1766 1995; x_wconf 81' lang='lat' dir='ltr'>renovasse</span> <span class='ocrx_word' id='word_1_237' title='bbox 1805 1954 2003 1997; x_wconf 70' lang='lat' dir='ltr'>videntur</span> 
     </span>
     <span class='ocr_line' id='line_1_28' title="bbox 362 2019 2002 2074; baseline -0.001 -12"><span class='ocrx_word' id='word_1_238' title='bbox 362 2024 623 2074; x_wconf 86' lang='lat' dir='ltr'>epigramma</span> <span class='ocrx_word' id='word_1_239' title='bbox 649 2022 873 2061; x_wconf 86' lang='lat' dir='ltr'>‘vetustate</span> <span class='ocrx_word' id='word_1_240' title='bbox 891 2019 1206 2071; x_wconf 87' lang='lat' dir='ltr'>absumptum&#39;;</span> <span class='ocrx_word' id='word_1_241' title='bbox 1229 2020 1428 2060; x_wconf 89' lang='lat' dir='ltr'>Boeckhii</span> <span class='ocrx_word' id='word_1_242' title='bbox 1448 2032 1559 2070; x_wconf 88' lang='lat' dir='ltr'>quae</span> <span class='ocrx_word' id='word_1_243' title='bbox 1576 2020 1704 2060; x_wconf 85' lang='lat' dir='ltr'>fuerit</span> <span class='ocrx_word' id='word_1_244' title='bbox 1721 2020 1867 2072; x_wconf 83' lang='lat' dir='ltr'>opinio</span> <span class='ocrx_word' id='word_1_245' title='bbox 1883 2020 2002 2062; x_wconf 66' lang='lat' dir='ltr'>hund</span> 
     </span>
    </p>
   </div>
   <div class='ocr_carea' id='block_1_13' title="bbox 363 2085 2072 2207">
    <p class='ocr_par' dir='ltr' id='par_1_13' title="bbox 363 2085 2072 2207">
     <span class='ocr_line' id='line_1_29' title="bbox 363 2085 2072 2139; baseline -0.001 -10"><span class='ocrx_word' id='word_1_246' title='bbox 363 2092 476 2129; x_wconf 87' lang='lat' dir='ltr'>certo</span> <span class='ocrx_word' id='word_1_247' title='bbox 505 2089 612 2139; x_wconf 87' lang='lat' dir='ltr'>scio,</span> <span class='ocrx_word' id='word_1_248' title='bbox 654 2086 837 2126; x_wconf 87' lang='lat' dir='ltr'>‘iniuria’</span> <span class='ocrx_word' id='word_1_249' title='bbox 869 2087 980 2126; x_wconf 90' lang='lat' dir='ltr'>enim</span> <span class='ocrx_word' id='word_1_250' title='bbox 1013 2086 1265 2136; x_wconf 83' lang='lat' dir='ltr'>‘temporum</span> <span class='ocrx_word' id='word_1_251' title='bbox 1294 2085 1494 2126; x_wconf 88' lang='lat' dir='ltr'>deletum&#39;</span> <span class='ocrx_word' id='word_1_252' title='bbox 1527 2088 1850 2126; x_wconf 85' lang='lat' dir='ltr'>monumentum</span> <span class='ocrx_word' id='word_1_253' title='bbox 1876 2085 1999 2127; x_wconf 81' lang='lat' dir='ltr'>dixit.</span> <span class='ocrx_word' id='word_1_254' title='bbox 2067 2111 2072 2116; x_wconf 57' lang='lat'>=-</span> 
     </span>
     <span class='ocr_line' id='line_1_30' title="bbox 418 2152 2072 2207; baseline -0.001 -13"><span class='ocrx_word' id='word_1_255' title='bbox 418 2156 506 2195; x_wconf 90' lang='lat' dir='ltr'>Cur</span> <span class='ocrx_word' id='word_1_256' title='bbox 541 2154 738 2204; x_wconf 91' lang='lat' dir='ltr'>equidem</span> <span class='ocrx_word' id='word_1_257' title='bbox 773 2152 1015 2203; x_wconf 82' lang='lat' dir='ltr'>pontificem</span> <span class='ocrx_word' id='word_1_258' title='bbox 1045 2164 1279 2202; x_wconf 88' lang='lat' dir='ltr'>numquam</span> <span class='ocrx_word' id='word_1_259' title='bbox 1311 2152 1470 2191; x_wconf 87' lang='lat' dir='ltr'>vidisse</span> <span class='ocrx_word' id='word_1_260' title='bbox 1498 2152 1724 2202; x_wconf 88' lang='lat' dir='ltr'>antiquum</span> <span class='ocrx_word' id='word_1_261' title='bbox 1752 2163 2001 2193; x_wconf 79' lang='lat' dir='ltr'>monumen·</span> <span class='ocrx_word' id='word_1_262' title='bbox 2068 2206 2072 2207; x_wconf 19' lang='lat'><em>⁷</em></span> 
     </span>
    </p>
   </div>
   <div class='ocr_carea' id='block_1_14' title="bbox 362 2219 2003 2531">
    <p class='ocr_par' dir='ltr' id='par_1_14' title="bbox 362 2219 2003 2531">
     <span class='ocr_line' id='line_1_31' title="bbox 363 2219 1998 2270; baseline -0.001 -10"><span class='ocrx_word' id='word_1_263' title='bbox 363 2225 453 2260; x_wconf 88' lang='lat' dir='ltr'>tum</span> <span class='ocrx_word' id='word_1_264' title='bbox 490 2223 656 2270; x_wconf 88' lang='lat' dir='ltr'>putem,</span> <span class='ocrx_word' id='word_1_265' title='bbox 697 2219 849 2258; x_wconf 89' lang='lat' dir='ltr'>dicam.</span> <span class='ocrx_word' id='word_1_266' title='bbox 896 2219 1055 2258; x_wconf 88' lang='lat' dir='ltr'>Nomen</span> <span class='ocrx_word' id='word_1_267' title='bbox 1086 2221 1233 2269; x_wconf 85' lang='lat' dir='ltr'>poetae</span> <span class='ocrx_word' id='word_1_268' title='bbox 1261 2230 1312 2258; x_wconf 89' lang='lat' dir='ltr'>ex</span> <span class='ocrx_word' id='word_1_269' title='bbox 1340 2229 1390 2257; x_wconf 88' lang='lat' dir='ltr'>eo</span> <span class='ocrx_word' id='word_1_270' title='bbox 1418 2219 1501 2268; x_wconf 91' lang='lat' dir='ltr'>peti</span> <span class='ocrx_word' id='word_1_271' title='bbox 1530 2230 1615 2257; x_wconf 92' lang='lat' dir='ltr'>non</span> <span class='ocrx_word' id='word_1_272' title='bbox 1645 2219 1811 2269; x_wconf 86' lang='lat' dir='ltr'>poterat</span> <span class='ocrx_word' id='word_1_273' title='bbox 1837 2228 1998 2269; x_wconf 82' lang='lat' dir='ltr'>neque,</span> 
     </span>
     <span class='ocr_line' id='line_1_32' title="bbox 362 2283 2001 2336; baseline -0.001 -11"><span class='ocrx_word' id='word_1_274' title='bbox 362 2287 535 2336; x_wconf 89' lang='lat' dir='ltr'>opinor,</span> <span class='ocrx_word' id='word_1_275' title='bbox 568 2286 798 2335; x_wconf 88' lang='lat' dir='ltr'>quisquam</span> <span class='ocrx_word' id='word_1_276' title='bbox 828 2285 1041 2334; x_wconf 90' lang='lat' dir='ltr'>putaverit</span> <span class='ocrx_word' id='word_1_277' title='bbox 1069 2296 1145 2334; x_wconf 84' lang='lat' dir='ltr'>per</span> <span class='ocrx_word' id='word_1_278' title='bbox 1173 2286 1233 2323; x_wconf 85' lang='lat' dir='ltr'>tot</span> <span class='ocrx_word' id='word_1_279' title='bbox 1262 2283 1530 2323; x_wconf 90' lang='lat' dir='ltr'>saeculorum</span> <span class='ocrx_word' id='word_1_280' title='bbox 1559 2284 1712 2324; x_wconf 85' lang='lat' dir='ltr'>seriem</span> <span class='ocrx_word' id='word_1_281' title='bbox 1730 2283 2001 2324; x_wconf 68' lang='lat' dir='ltr'>traditionum</span> 
     </span>
     <span class='ocr_line' id='line_1_33' title="bbox 366 2348 2003 2399; baseline -0.001 -9"><span class='ocrx_word' id='word_1_282' title='bbox 366 2351 622 2390; x_wconf 84' lang='lat' dir='ltr'>remansisse</span> <span class='ocrx_word' id='word_1_283' title='bbox 666 2350 719 2389; x_wconf 91' lang='lat' dir='ltr'>de</span> <span class='ocrx_word' id='word_1_284' title='bbox 768 2350 999 2389; x_wconf 89' lang='lat' dir='ltr'>Simonidis</span> <span class='ocrx_word' id='word_1_285' title='bbox 1045 2350 1319 2399; x_wconf 86' lang='lat' dir='ltr'>auctoritate,</span> <span class='ocrx_word' id='word_1_286' title='bbox 1370 2349 1620 2399; x_wconf 88' lang='lat' dir='ltr'>praesertim</span> <span class='ocrx_word' id='word_1_287' title='bbox 1667 2360 1765 2389; x_wconf 91' lang='lat' dir='ltr'>cum</span> <span class='ocrx_word' id='word_1_288' title='bbox 1801 2348 2003 2399; x_wconf 79' lang='lat' dir='ltr'>aequales</span> 
     </span>
     <span class='ocr_line' id='line_1_34' title="bbox 363 2413 2001 2466; baseline -0.001 -11"><span class='ocrx_word' id='word_1_289' title='bbox 363 2416 681 2466; x_wconf 82' lang='lat' dir='ltr'>epigrammatis</span> <span class='ocrx_word' id='word_1_290' title='bbox 719 2418 884 2466; x_wconf 86' lang='lat' dir='ltr'>poetam</span> <span class='ocrx_word' id='word_1_291' title='bbox 922 2416 1131 2466; x_wconf 86' lang='lat' dir='ltr'>respicere</span> <span class='ocrx_word' id='word_1_292' title='bbox 1168 2427 1253 2454; x_wconf 90' lang='lat' dir='ltr'>non</span> <span class='ocrx_word' id='word_1_293' title='bbox 1289 2416 1487 2454; x_wconf 86' lang='lat' dir='ltr'>solerent.</span> <span class='ocrx_word' id='word_1_294' title='bbox 1528 2415 1680 2464; x_wconf 85' lang='lat' dir='ltr'>Itaque</span> <span class='ocrx_word' id='word_1_295' title='bbox 1709 2413 2001 2454; x_wconf 81' lang='lat' dir='ltr'>Simonideum</span> 
     </span>
     <span class='ocr_line' id='line_1_35' title="bbox 366 2478 2001 2531; baseline -0.001 -11"><span class='ocrx_word' id='word_1_296' title='bbox 366 2493 517 2520; x_wconf 88' lang='lat' dir='ltr'>nomen</span> <span class='ocrx_word' id='word_1_297' title='bbox 555 2493 606 2520; x_wconf 84' lang='lat' dir='ltr'>ex</span> <span class='ocrx_word' id='word_1_298' title='bbox 644 2482 714 2520; x_wconf 93' lang='lat' dir='ltr'>illo</span> <span class='ocrx_word' id='word_1_299' title='bbox 750 2482 867 2520; x_wconf 88' lang='lat' dir='ltr'>fonte</span> <span class='ocrx_word' id='word_1_300' title='bbox 894 2481 1092 2520; x_wconf 86' lang='lat' dir='ltr'>hausisse</span> <span class='ocrx_word' id='word_1_301' title='bbox 1119 2481 1306 2531; x_wconf 87' lang='lat' dir='ltr'>videtur,</span> <span class='ocrx_word' id='word_1_302' title='bbox 1348 2481 1421 2530; x_wconf 89' lang='lat' dir='ltr'>qui</span> <span class='ocrx_word' id='word_1_303' title='bbox 1450 2481 1487 2519; x_wconf 90' lang='lat' dir='ltr'>ei</span> <span class='ocrx_word' id='word_1_304' title='bbox 1517 2480 1713 2530; x_wconf 88' lang='lat' dir='ltr'>praebuit</span> <span class='ocrx_word' id='word_1_305' title='bbox 1738 2478 2001 2530; x_wconf 73' lang='lat' dir='ltr'>epigramma</span> 
     </span>
    </p>
   </div>
   <div class='ocr_carea' id='block_1_15' title="bbox 364 2543 2072 2663">
    <p class='ocr_par' dir='ltr' id='par_1_15' title="bbox 364 2543 2072 2663">
     <span class='ocr_line' id='line_1_36' title="bbox 364 2543 2070 2598; baseline 0 -14"><span class='ocrx_word' id='word_1_306' title='bbox 364 2547 519 2596; x_wconf 89' lang='lat' dir='ltr'>ipsum.</span> <span class='ocrx_word' id='word_1_307' title='bbox 569 2546 750 2586; x_wconf 88' lang='lat' dir='ltr'>Secutus</span> <span class='ocrx_word' id='word_1_308' title='bbox 788 2547 919 2598; x_wconf 86' lang='lat' dir='ltr'>igitur</span> <span class='ocrx_word' id='word_1_309' title='bbox 955 2548 1019 2585; x_wconf 90' lang='lat' dir='ltr'>est</span> <span class='ocrx_word' id='word_1_310' title='bbox 1056 2546 1325 2586; x_wconf 89' lang='lat' dir='ltr'>traditionem</span> <span class='ocrx_word' id='word_1_311' title='bbox 1360 2546 1623 2585; x_wconf 86' lang='lat' dir='ltr'>litterariam.</span> <span class='ocrx_word' id='word_1_312' title='bbox 1666 2544 1792 2591; x_wconf 90' lang='lat' dir='ltr'>Quod</span> <span class='ocrx_word' id='word_1_313' title='bbox 1824 2543 2003 2595; x_wconf 73' lang='lat' dir='ltr'>insuper</span> <span class='ocrx_word' id='word_1_314' title='bbox 2067 2583 2070 2585; x_wconf 15' lang='grc' dir='ltr'><strong>Α</strong></span> 
     </span>
     <span class='ocr_line' id='line_1_37' title="bbox 364 2607 2072 2663; baseline -0.001 -13"><span class='ocrx_word' id='word_1_315' title='bbox 364 2623 415 2649; x_wconf 88' lang='lat' dir='ltr'>ex</span> <span class='ocrx_word' id='word_1_316' title='bbox 458 2612 596 2650; x_wconf 90' lang='lat' dir='ltr'>indole</span> <span class='ocrx_word' id='word_1_317' title='bbox 636 2612 954 2662; x_wconf 88' lang='lat' dir='ltr'>epigrammatis</span> <span class='ocrx_word' id='word_1_318' title='bbox 997 2613 1123 2661; x_wconf 87' lang='lat' dir='ltr'>patet.</span> <span class='ocrx_word' id='word_1_319' title='bbox 1180 2611 1231 2649; x_wconf 89' lang='lat' dir='ltr'>In</span> <span class='ocrx_word' id='word_1_320' title='bbox 1275 2621 1479 2660; x_wconf 86' lang='lat' dir='ltr'>praesens</span> <span class='ocrx_word' id='word_1_321' title='bbox 1521 2613 1690 2651; x_wconf 86' lang='lat' dir='ltr'>tantum</span> <span class='ocrx_word' id='word_1_322' title='bbox 1730 2621 1883 2650; x_wconf 88' lang='lat' dir='ltr'>moneo</span> <span class='ocrx_word' id='word_1_323' title='bbox 1923 2607 1997 2661; x_wconf 80' lang='lat' dir='ltr'>(ef.</span> <span class='ocrx_word' id='word_1_324' title='bbox 2061 2620 2072 2663; x_wconf 64' lang='grc' dir='ltr'>ςξ</span> 
     </span>
    </p>
   </div>
   <div class='ocr_carea' id='block_1_16' title="bbox 365 2675 2059 3054">
    <p class='ocr_par' dir='ltr' id='par_1_16' title="bbox 365 2675 2059 3054">
     <span class='ocr_line' id='line_1_38' title="bbox 368 2675 1998 2727; baseline 0 -12"><span class='ocrx_word' id='word_1_325' title='bbox 368 2676 393 2727; x_wconf 55' lang='grc' dir='ltr'>,ξ</span> <span class='ocrx_word' id='word_1_326' title='bbox 428 2676 501 2715; x_wconf 84' lang='grc'>137</span> <span class='ocrx_word' id='word_1_327' title='bbox 540 2689 580 2715; x_wconf 92' lang='lat' dir='ltr'>n.</span> <span class='ocrx_word' id='word_1_328' title='bbox 613 2676 656 2726; x_wconf 90' lang='lat'>8)</span> <span class='ocrx_word' id='word_1_329' title='bbox 697 2677 967 2715; x_wconf 83' lang='lat' dir='ltr'>wilhelmum</span> <span class='ocrx_word' id='word_1_330' title='bbox 995 2676 1153 2726; x_wconf 88' lang='lat' dir='ltr'>optime</span> <span class='ocrx_word' id='word_1_331' title='bbox 1182 2676 1341 2715; x_wconf 88' lang='lat' dir='ltr'>vidisse</span> <span class='ocrx_word' id='word_1_332' title='bbox 1368 2676 1478 2715; x_wconf 90' lang='lat' dir='ltr'>idem</span> <span class='ocrx_word' id='word_1_333' title='bbox 1507 2676 1699 2716; x_wconf 88' lang='lat' dir='ltr'>obtinere</span> <span class='ocrx_word' id='word_1_334' title='bbox 1725 2676 1769 2715; x_wconf 86' lang='lat' dir='ltr'>in</span> <span class='ocrx_word' id='word_1_335' title='bbox 1797 2675 1878 2716; x_wconf 83' lang='lat' dir='ltr'>hoe</span> <span class='ocrx_word' id='word_1_336' title='bbox 1903 2686 1998 2726; x_wconf 61' lang='lat' dir='ltr'>ep„</span> 
     </span>
     <span class='ocr_line' id='line_1_39' title="bbox 365 2741 2055 2791; baseline 0.001 -11"><span class='ocrx_word' id='word_1_337' title='bbox 365 2742 479 2791; x_wconf 89' lang='lat' dir='ltr'>quod</span> <span class='ocrx_word' id='word_1_338' title='bbox 514 2744 680 2780; x_wconf 86' lang='lat' dir='ltr'>constat</span> <span class='ocrx_word' id='word_1_339' title='bbox 715 2742 918 2781; x_wconf 87' lang='lat' dir='ltr'>accidisse</span> <span class='ocrx_word' id='word_1_340' title='bbox 945 2742 987 2779; x_wconf 91' lang='lat' dir='ltr'>in</span> <span class='ocrx_word' id='word_1_341' title='bbox 1017 2753 1082 2791; x_wconf 90' lang='lat' dir='ltr'>ep.</span> <span class='ocrx_word' id='word_1_342' title='bbox 1117 2742 1336 2781; x_wconf 89' lang='lat' dir='ltr'>Corinthio</span> <span class='ocrx_word' id='word_1_343' title='bbox 1364 2741 1435 2780; x_wconf 86' lang='lat'>96:</span> <span class='ocrx_word' id='word_1_344' title='bbox 1474 2742 1517 2780; x_wconf 91' lang='lat' dir='ltr'>in</span> <span class='ocrx_word' id='word_1_345' title='bbox 1546 2742 1772 2782; x_wconf 84' lang='lat' dir='ltr'>traditione</span> <span class='ocrx_word' id='word_1_346' title='bbox 1796 2741 2002 2781; x_wconf 71' lang='lat' dir='ltr'>litteraria</span> <span class='ocrx_word' id='word_1_347' title='bbox 2053 2760 2055 2763; x_wconf 47' lang='lat'><strong>⁴</strong></span> 
     </span>
     <span class='ocr_line' id='line_1_40' title="bbox 366 2805 2055 2857; baseline 0.001 -12"><span class='ocrx_word' id='word_1_348' title='bbox 366 2807 545 2845; x_wconf 88' lang='lat' dir='ltr'>formam</span> <span class='ocrx_word' id='word_1_349' title='bbox 584 2807 813 2857; x_wconf 83' lang='lat' dir='ltr'>genuinam</span> <span class='ocrx_word' id='word_1_350' title='bbox 854 2806 1142 2846; x_wconf 90' lang='lat' dir='ltr'>additamento</span> <span class='ocrx_word' id='word_1_351' title='bbox 1181 2806 1241 2857; x_wconf 92' lang='lat' dir='ltr'>(v.</span> <span class='ocrx_word' id='word_1_352' title='bbox 1282 2806 1307 2845; x_wconf 84' lang='lat'><strong>3</strong></span> <span class='ocrx_word' id='word_1_353' title='bbox 1345 2806 1462 2856; x_wconf 86' lang='lat' dir='ltr'>sqq.)</span> <span class='ocrx_word' id='word_1_354' title='bbox 1498 2818 1594 2845; x_wconf 85' lang='lat' dir='ltr'>esse</span> <span class='ocrx_word' id='word_1_355' title='bbox 1619 2806 1860 2846; x_wconf 82' lang='lat' dir='ltr'>adauctam.</span> <span class='ocrx_word' id='word_1_356' title='bbox 1890 2805 2001 2847; x_wconf 77' lang='lat' dir='ltr'>Fieri</span> <span class='ocrx_word' id='word_1_357' title='bbox 2050 2813 2055 2819; x_wconf 85' lang='lat'>&#39;</span> 
     </span>
     <span class='ocr_line' id='line_1_41' title="bbox 366 2869 2011 2922; baseline 0.001 -12"><span class='ocrx_word' id='word_1_358' title='bbox 366 2883 470 2911; x_wconf 89' lang='lat' dir='ltr'>sane</span> <span class='ocrx_word' id='word_1_359' title='bbox 520 2874 680 2921; x_wconf 89' lang='lat' dir='ltr'>potest,</span> <span class='ocrx_word' id='word_1_360' title='bbox 735 2875 781 2911; x_wconf 90' lang='lat' dir='ltr'>ut</span> <span class='ocrx_word' id='word_1_361' title='bbox 824 2872 1062 2911; x_wconf 88' lang='lat' dir='ltr'>Pausanias</span> <span class='ocrx_word' id='word_1_362' title='bbox 1106 2871 1159 2920; x_wconf 90' lang='grc' dir='ltr'>(Ι.</span> <span class='ocrx_word' id='word_1_363' title='bbox 1205 2871 1270 2910; x_wconf 86' lang='grc'>43.</span> <span class='ocrx_word' id='word_1_364' title='bbox 1317 2871 1360 2921; x_wconf 88' lang='grc'>3)</span> <span class='ocrx_word' id='word_1_365' title='bbox 1405 2872 1589 2922; x_wconf 86' lang='lat' dir='ltr'>Megaris</span> <span class='ocrx_word' id='word_1_366' title='bbox 1630 2872 1673 2911; x_wconf 91' lang='lat' dir='ltr'>in</span> <span class='ocrx_word' id='word_1_367' title='bbox 1715 2872 1809 2911; x_wconf 91' lang='lat' dir='ltr'>foro</span> <span class='ocrx_word' id='word_1_368' title='bbox 1849 2869 2011 2911; x_wconf 73' lang='lat' dir='ltr'>viderit</span> 
     </span>
     <span class='ocr_line' id='line_1_42' title="bbox 367 2935 2003 2987; baseline 0 -12"><span class='ocrx_word' id='word_1_369' title='bbox 367 2939 688 2976; x_wconf 87' lang='lat' dir='ltr'>monumentum</span> <span class='ocrx_word' id='word_1_370' title='bbox 727 2937 984 2987; x_wconf 89' lang='lat' dir='ltr'>genuinum,</span> <span class='ocrx_word' id='word_1_371' title='bbox 1028 2937 1102 2976; x_wconf 88' lang='lat' dir='ltr'>sed</span> <span class='ocrx_word' id='word_1_372' title='bbox 1140 2938 1303 2976; x_wconf 87' lang='lat' dir='ltr'>certum</span> <span class='ocrx_word' id='word_1_373' title='bbox 1337 2939 1401 2976; x_wconf 85' lang='lat' dir='ltr'>est</span> <span class='ocrx_word' id='word_1_374' title='bbox 1435 2937 1477 2975; x_wconf 86' lang='lat' dir='ltr'>id</span> <span class='ocrx_word' id='word_1_375' title='bbox 1512 2937 1763 2976; x_wconf 90' lang='lat' dir='ltr'>iamdudum</span> <span class='ocrx_word' id='word_1_376' title='bbox 1790 2935 2003 2976; x_wconf 83' lang='lat' dir='ltr'>interiisse</span> 
     </span>
     <span class='ocr_line' id='line_1_43' title="bbox 367 3001 2059 3054; baseline 0 -14"><span class='ocrx_word' id='word_1_377' title='bbox 367 3003 417 3040; x_wconf 86' lang='lat' dir='ltr'>iis</span> <span class='ocrx_word' id='word_1_378' title='bbox 468 3002 753 3052; x_wconf 87' lang='lat' dir='ltr'>temporibus,</span> <span class='ocrx_word' id='word_1_379' title='bbox 808 3003 967 3052; x_wconf 89' lang='lat' dir='ltr'>quibus</span> <span class='ocrx_word' id='word_1_380' title='bbox 1016 3003 1288 3054; x_wconf 87' lang='lat' dir='ltr'>Megarenses</span> <span class='ocrx_word' id='word_1_381' title='bbox 1339 3002 1435 3042; x_wconf 90' lang='lat' dir='ltr'>urbi</span> <span class='ocrx_word' id='word_1_382' title='bbox 1487 3002 1794 3042; x_wconf 85' lang='lat' dir='ltr'>instaurandae</span> <span class='ocrx_word' id='word_1_383' title='bbox 1833 3001 2004 3040; x_wconf 80' lang='lat' dir='ltr'>dedisse</span> <span class='ocrx_word' id='word_1_384' title='bbox 2056 3019 2059 3021; x_wconf 55' lang='lat'>&gt;</span> 
     </span>
    </p>
   </div>
   <div class='ocr_carea' id='block_1_17' title="bbox 366 3066 2072 3119">
    <p class='ocr_par' dir='ltr' id='par_1_17' title="bbox 366 3066 2072 3119">
     <span class='ocr_line' id='line_1_44' title="bbox 366 3066 2072 3119; baseline 0.001 -14"><span class='ocrx_word' id='word_1_385' title='bbox 366 3079 538 3117; x_wconf 87' lang='lat' dir='ltr'>operam</span> <span class='ocrx_word' id='word_1_386' title='bbox 575 3071 614 3106; x_wconf 89' lang='lat' dir='ltr'>et</span> <span class='ocrx_word' id='word_1_387' title='bbox 652 3080 702 3106; x_wconf 87' lang='lat' dir='ltr'>ex</span> <span class='ocrx_word' id='word_1_388' title='bbox 743 3071 887 3107; x_wconf 81' lang='lat' dir='ltr'>nostra</span> <span class='ocrx_word' id='word_1_389' title='bbox 927 3068 1203 3119; x_wconf 86' lang='lat' dir='ltr'>inscriptione</span> <span class='ocrx_word' id='word_1_390' title='bbox 1239 3069 1399 3107; x_wconf 86' lang='lat' dir='ltr'>scimus</span> <span class='ocrx_word' id='word_1_391' title='bbox 1426 3071 1466 3107; x_wconf 90' lang='lat' dir='ltr'>et</span> <span class='ocrx_word' id='word_1_392' title='bbox 1494 3080 1546 3107; x_wconf 85' lang='lat' dir='ltr'>ex</span> <span class='ocrx_word' id='word_1_393' title='bbox 1575 3068 1669 3107; x_wconf 89' lang='lat' dir='ltr'>aliis</span> <span class='ocrx_word' id='word_1_394' title='bbox 1697 3067 1786 3107; x_wconf 86' lang='lat' dir='ltr'>fere</span> <span class='ocrx_word' id='word_1_395' title='bbox 1810 3066 2001 3107; x_wconf 84' lang='lat' dir='ltr'>eiusdem</span> <span class='ocrx_word' id='word_1_396' title='bbox 2070 3071 2072 3073; x_wconf 84' lang='grc'><strong>’</strong></span> 
     </span>
    </p>
   </div>
  </div>
 </body>
</html>
