2072 3568
398 214 499 264 Cap.
537 214 592 253 Π.
1188 213 1240 253 60

397 339 585 378 laudavit
621 339 882 378 Athenaeus:
920 350 971 377 ex
1002 338 1185 377 Timaeo.
1235 338 1385 388 ltaque
1412 340 1590 389 apparet
1617 338 1836 380 Timaeum
1865 349 2038 391 quoque

395 404 450 443 ab
488 404 812 444 chamaeleonte
850 404 932 443 iam
970 404 1144 443 allatum
1185 404 1338 451 iuissc;
1377 403 1666 443 testimonium
1700 415 1805 455 ergo
1830 414 1959 445 omne
1981 415 2060 445 ex.

397 469 720 509 Chamaeleonte
747 468 1027 519 descripsisse
1055 469 1317 508 Athenaeum
1347 468 1694 509 constituendum
1724 469 1906 511 videtur.

449 535 499 574 At
519 537 747 585 antequam
769 534 811 573 in
833 534 990 573 Timaei
1013 534 1271 573 narrationis
1289 534 1496 573 elementa
1516 534 1752 585 inquiram,
1774 534 2036 587 expedienda

394 605 456 641 est
481 601 805 651 quaestiuncula
830 600 1141 651 chronologica.
1176 600 1336 640 Dixerit
1355 599 1467 639 enim
1488 600 1587 650 quis
1606 603 1846 652 temporum
1864 599 2038 642 obstare

396 669 621 716 rationem,
668 666 771 716 quin
811 665 1202 715 Chamaeleontem,
1250 665 1323 715 qui
1364 664 1603 705 Heraclidis
1643 664 1805 706 Pontici
1840 665 2036 707 mulas

394 734 527 772 tuisse
565 732 857 783 perhibeatur,
899 730 1056 770 Timaei
1096 731 1323 781 septimum
1354 730 1511 770 librum
1540 729 1791 771 adhibuisse
1816 732 2032 782 putemus.

395 798 651 837 Iamdudum
675 799 815 837 autem
843 796 920 835 viri
945 796 1056 835 docti
1070 794 1123 844 3⁴)
1149 795 1262 835 illam
1289 795 1582 845 traditionem,
1609 806 1721 846 quae
1741 794 2035 837 Heracleotam

395 863 699 903 vetustioribus
736 861 1023 912 Peripateticis
1051 861 1324 911 accensebat,
1366 861 1408 900 in
1439 860 1619 900 dubium
1651 860 1913 902 vocaverunt
1939 870 2036 901 sun·

394 929 603 979 picatique
641 930 742 967 sunt
770 927 1095 979 grammaticum
1127 927 1261 967 fuisse
1288 927 1471 966 eundem
1502 925 1871 967 Chamaeleontem
1901 924 2035 967 Hera·

392 994 590 1043 cleotam‚
632 993 706 1043 qui
745 995 918 1032 auctore
947 993 1171 1032 Memnone
1201 992 1451 1031 Heracleota
1482 991 1569 1042 (ap.
1604 991 1803 1031 Photium
1829 989 1924 1032 eod.
1954 989 2033 1031 224

393 1072 432 1110 p.
453 1059 549 1109 226)
579 1070 693 1099 anno
721 1058 796 1098 281
827 1058 881 1098 ad
914 1058 1136 1099 Seleucum
1167 1058 1406 1098 Nicatorem
1435 1069 1460 1096 a
1489 1057 1657 1098 civibus
1684 1056 1853 1108 legatus
1874 1055 2036 1110 miamin

391 1128 468 1164 est.
501 1125 639 1171 Quam
670 1124 953 1175 suspicionem
984 1124 1140 1163 iustam
1171 1124 1305 1163 tuisse
1332 1135 1381 1162 eo
1411 1134 1526 1163 nunc
1553 1122 1887 1173 demonstratur,
1916 1121 2035 1174 quod

392 1202 524 1241 supra
553 1189 753 1230 constitui
784 1200 955 1228 necesse
982 1192 1074 1242 erat
1103 1189 1472 1229 Chamaeleontem
1501 1199 1628 1228 usum
1657 1199 1754 1229 esse
1779 1187 1965 1228 Timaeo.

446 1258 587 1297 Unum
617 1256 775 1295 Timaei
812 1256 1070 1295 narrationis
1098 1256 1351 1295 elementum
1382 1255 1663 1306 cognovimus
1693 1253 1867 1305 (nomen
1897 1251 2034 1295 Simo·

393 1322 544 1372 nidis),
579 1321 799 1361 videamus
828 1321 880 1360 de
908 1321 1071 1361 ceteris.
1103 1321 1315 1367 Quoniam
1347 1321 1598 1361 Chamaeleo
1626 1320 1792 1371 primus
1819 1317 2035 1370 perspexit

392 1388 632 1427 meretrices
675 1386 809 1426 fuisse
851 1387 1049 1426 mulieres
1085 1398 1181 1437 eas,
1223 1398 1335 1437 quae
1362 1387 1498 1426 sacris
1527 1385 1720 1427 Corinthi
1749 1384 1901 1426 adesse
1925 1384 2033 1425 sole·

394 1455 507 1502 rent,
554 1453 753 1491 Timaeus
799 1450 984 1491 ‘uxores'
1026 1452 1277 1502 praebuisse
1317 1452 1559 1492 censendus
1594 1453 1672 1492 est.
1721 1449 1956 1491 nonarium
1990 1451 2034 1491 et

391 1517 691 1567 Theopompus
727 1519 768 1556 et
806 1517 1057 1558 Chamaeleo
1098 1516 1317 1557 ‘tabulam'
1349 1517 1484 1557 fuisse
1512 1516 1749 1568 perhibent.
1792 1511 1907 1556 Num
1932 1525 2033 1556 oum

390 1581 441 1620 iis
484 1582 563 1621 hoc
605 1582 646 1620 in
689 1582 895 1621 elemento
935 1583 1205 1622 consensisse
1247 1583 1447 1622 Timaeus
1490 1580 1692 1623 videtur?
1740 1580 2032 1623 Demonstrati

391 1659 517 1697 posse
554 1650 657 1697 puto
693 1659 791 1687 eum
828 1647 1032 1687 habuisse
1071 1648 1250 1687 ‘statuas
1278 1646 1464 1687 aeneas'.
1511 1647 1562 1686 At
1590 1647 1714 1697 prius
1740 1657 1916 1688 neeesse
1939 1646 2029 1697 est,

391 1715 437 1751 ut
473 1713 527 1751 de
562 1713 882 1764 epigrammatis
919 1713 1105 1753 textibus
1139 1713 1344 1763 diversis,
1386 1713 1439 1752 de
1466 1713 1626 1763 quibus
1653 1713 1741 1752 iam
1766 1711 1917 1763 paucis
1941 1708 2031 1752 dixi

394 1777 419 1828 ᾗ
450 1778 523 1827 29,
556 1778 798 1818 accuratius
829 1778 1063 1817 videamus.

447 1843 687 1893 Proponam
712 1843 940 1883 lectoribus
962 1844 1152 1883 lectionis
1174 1844 1419 1883 varietatem
1438 1844 1481 1883 in
1502 1842 1804 1884 traditionibus
1821 1842 2031 1894 epigram-

391 1909 516 1947 matis
540 1908 724 1947 diversis
743 1909 912 1948 obviam
932 1909 1103 1948 omissis
1124 1909 1189 1948 vel
1209 1910 1409 1949 correctis
1429 1909 1703 1948 librariorum
1721 1907 1944 1949 erroribus
1955 1905 2026 1958 5).

393 1973 540 2012 Denuo
569 1985 719 2013 moneo
747 1974 789 2013 in
820 1974 891 2014 tali
915 1974 1231 2024 disquisitione,
1264 1974 1306 2013 in
1332 1974 1447 2024 quali
1473 1985 1589 2013 nunc
1613 1984 1851 2023 versemur,
1881 1971 2031 2014 sedulo

389 2038 653 2078 distinendas
695 2051 789 2079 esse
830 2040 1079 2079 traditiones
1116 2040 1473 2091 epigrammatum
1512 2039 1708 2078 diversas
1742 2049 1903 2089 easque
1936 2037 2030 2079 dili-

389 2106 537 2154 genter
578 2105 868 2155 segregandas
909 2105 964 2144 ab
1005 2105 1057 2144 iis
1101 2105 1431 2155 mutationibus,
1477 2104 1637 2155 quibus
1677 2106 1821 2144 textus
1854 2102 2029 2145 obnoxii

390 2174 491 2209 sunt
520 2173 692 2220 propter
719 2182 886 2210 errores
915 2183 939 2211 a
968 2170 1155 2210 librariis
1184 2171 1447 2211 commissos.
1499 2170 1627 2210 Ecce:

578 2235 718 2275 Schol.
753 2236 874 2275 Pind.
1147 2236 1390 2276 Athenaeus
1661 2235 1919 2277 Plutarchus

558 2300 895 2352 (Theopompus)
1125 2301 1413 2352 (Chamaeleo)

530 2367 638 2406 trad.
673 2367 706 2405 A
735 2367 912 2417 integra.
1133 2368 1207 2417 qui
1236 2370 1418 2407 utuntur
1446 2366 1729 2417 scriptoribus
1756 2376 1855 2406 cum
1882 2364 1938 2406 ad
1995 2386 2003 2392 ·

1135 2433 1244 2472 trad.
1279 2434 1311 2471 A
1340 2435 1431 2472 tum
1461 2432 1514 2472 ad
1547 2432 1576 2472 S
1607 2430 1934 2482 pertinentibus.

392 2503 426 2541 1.
462 2515 487 2540 v
537 2503 571 2541 1.
602 2501 862 2555 ἀγχεμάχων
1128 2502 1394 2555 εὐθυμάχων
1507 2503 1513 2569 ἰ
1663 2500 1895 2556 ἰθυμάχων

388 2568 425 2606 2.
461 2580 499 2606 v.
532 2568 569 2607 2.
601 2566 777 2607 ἕστασαν
1127 2567 1303 2609 sordem
1508 2577 1512 2635 ᾗ
1662 2565 1840 2608 ἕστάθεν

388 2633 425 2671 3.
600 2631 822 2684 εὐχόμεναι
1127 2632 1326 2685 εὔχεσθαι
1508 2638 1512 2686 5
1663 2631 1889 2684 εὐξάμεναι

388 2697 426 2735 4.
460 2709 499 2736 v.
532 2696 569 2736 3.
601 2695 797 2747 ἐβούλετο
1126 2698 1312 2751 ἐμήσατο
1507 2691 1511 2746 ἰ
1663 2695 1842 2750 ἐμήδετο

388 2763 426 2801 5.
603 2759 657 2800 AI
656 2776 678 2813 η
684 2761 773 2807 ὁοις
1130 2760 1314 2815 Πέρσαις
1507 2747 1511 2763 ¹
1662 2761 1835 2815 ΔΗήὸοις

389 2826 425 2865 6.
460 2838 500 2866 ν.
532 2827 570 2865 4.
602 2824 775 2877 dopmni
1125 2826 1345 2879 προδόμεν
1507 2822 1510 2850 ¹
1660 2826 1882 2880 προδόμεν

432 2980 479 3019 3⁴)
527 2981 716 3023 Wendling
747 2982 968 3015 ruz—RE.
1003 2983 1058 3015 m<
1090 2982 1197 3024 2103,
1232 2983 1352 3015 Kaibel
1384 2984 1426 3015 ud
1459 2983 1651 3025 Sophronis
1675 2985 1716 3015 fr.
1740 2982 1785 3015 59
1806 2982 1902 3022 (Dor.
1926 2982 2023 3016 (Rom.

387 3043 451 3069 etc.
478 3048 508 3078 p.
533 3037 630 3078 163),
658 3038 890 3071 Wilamowitz
914 3039 1033 3081 Textg.
1059 3050 1089 3081 p.
1116 3038 1158 3071 15
1183 3050 1217 3071 u.
1240 3039 1279 3080 4,
1310 3039 1376 3071 Leo
1399 3040 1558 3081 gn-m'im.
1586 3039 1695 3081 Biogr.
1721 3049 1753 3080 p.
1780 3038 1843 3071 ¹04
1866 3048 1900 3071 n.
1922 3037 1956 3071 2.

385 3096 388 3098 '
432 3092 477 3133 2³¹)
526 3093 572 3126 lle
596 3094 726 3136 quibus
752 3095 818 3126 vid.
843 3094 860 3134 ἓ
883 3093 936 3127 33.
