2072 3568
327 242 428 293 Cap.
462 240 551 293 111,
583 241 648 282 32.
1104 241 1184 283 210

326 366 633 419 ffxpmypm'cf.
669 367 694 418 ,ξ
725 366 770 406 21
812 379 852 406 n.
886 369 950 407 55.
1001 368 1139 417 Bergk
1173 367 1231 418 (p.
1265 368 1343 408 442
1373 379 1414 408 n.
1452 369 1516 419 1),
1558 370 1625 409 cui
1655 368 1759 411 haee
1786 370 1966 413 mutatio

326 434 417 471 iure
457 444 538 471 non
579 433 757 482 placuit,
799 431 970 475 σπάθας
1008 433 1087 483 legi
1118 434 1242 473 iussit
1273 455 1321 461 —
1350 434 1463 484 quod
1495 435 1577 474 iam
1606 437 1731 475 antea
1760 434 1966 477 Pisi-sono

326 499 541 548 placuerat
571 519 620 526 —-
654 498 901 537 ‘Simonidis
930 501 1063 537 artem
1094 499 1136 537 in
1165 498 1231 537 his
1255 498 1575 549 epigrammatis
1598 500 1844 542 collocatam
1864 513 1962 543 enm

325 563 499 602 textoris
523 574 650 613 opera
674 562 884 613 componi·
909 566 1041 602 ratus.
1079 563 1244 603 lieclter
1270 563 1310 602 11
1338 575 1378 614 p.
1406 563 1454 603 ¹2
1477 564 1662 615 denique
1683 565 1790 606 adeo
1804 564 1966 613 πλάτας

325 641 401 678 pro
442 628 597 667 codicis
642 628 726 667 Pal.
771 628 946 667 lectione
988 628 1136 668 habuit
1178 631 1307 679 atque
1343 632 1490 669 contra
1528 630 1640 670 hanc
1675 631 1963 674 coniecturam

323 694 528 733 defendit:
564 693 709 732 ‘miror
738 705 815 743 pro
837 691 995 736 πλάτας
1018 694 1298 733 coniectatum
1322 706 1418 733 esse
1440 694 1634 745 σπάθας,
1665 707 1800 747 quum
1825 697 1963 749 Hesy-

322 760 444 798 chius
473 757 620 798 πλάται
651 759 954 808 interpretatus
983 759 1057 798 sit:
1089 760 1173 798 τῶν
1201 759 1385 799 σπιιῦῶν
1414 758 1460 799 τὰ
1489 758 1657 801 πλατέα.
1688 761 1826 803 ‘Recte
1850 761 1962 803 Tou·

324 825 419 874 pius
451 825 666 875 vulgatam
697 824 832 863 tuitus
859 827 923 863 est
952 824 1002 863 cl.
1031 825 1101 863 Ar.
1131 825 1300 864 Thesm.
1331 825 1407 864 772
1436 837 1531 876 sqq.
1579 825 1695 866 Libri
1721 827 1961 869 carminum

323 890 563 929 Mnasalcae
607 890 810 928 dicuntur
857 890 994 928 frusta
1039 890 1173 928 fuisse
1213 890 1463 930 tabellarum
1510 891 1743 931 SimonidIs
1782 892 1963 944 eiusque

322 956 426 995 adeo
469 956 609 1006 poesis
650 968 702 995 ex
744 956 822 995 hoc
865 956 980 995 fonte
1022 956 1148 995 rivuli
1193 956 1276 995 ritu
1320 967 1531 996 manasse.
1581 957 1673 997 Hae
1713 969 1817 998 voce
1852 969 1962 999 usus

321 1021 610 1060 Theodoridas
649 1022 691 1060 in
730 1023 870 1060 mente
907 1021 1110 1060 habuisse
1140 1021 1308 1060 videtur
1338 1021 1467 1061 verba
1495 1020 1770 1069 πλητειάζειν,
1805 1021 1960 1071 ἀλαζο-

2059 506 2072 611 ’ἒ

322 1085 536 1131 νεύεσθαι,
570 1085 807 1138 φενακίζειν
836 1086 1022 1136 Hesych.
1054 1089 1094 1125 et
1122 1084 1382 1138 πλατυγίζειν
1409 1086 1536 1126 Arist.
1571 1087 1679 1138 qu.
1710 1087 1813 1138 880,
1841 1088 1960 1140 qnod
2021 1115 2031 1131 φ
2070 1105 2072 1110 ’

319 1150 755 1205 μεγαλορρημοσύνης
784 1150 931 1203 δεῖγμα
961 1163 1056 1190 esse
1087 1151 1345 1191 Scholiastes
1373 1151 1626 1192 annotavit’.

375 1218 475 1256 Mihi
511 1218 614 1257 nihil
642 1218 815 1257 obstare
844 1218 1030 1267 videtur,
1072 1218 1304 1267 quominus
1333 1230 1356 1256 a
1388 1218 1528 1257 radice
1554 1215 1693 1257 πλαθ-
1723 1215 1958 1271 (πλάσσειν)

320 1284 527 1322 formetur
569 1284 888 1322 substantivum
933 1283 1171 1333 barytonon
1215 1283 1257 1321 in
1299 1296 1346 1321 -a
1383 1281 1552 1332 πλάθα,
1598 1283 1961 1333 quemadmodum

319 1349 373 1387 ab
410 1349 504 1388 aliis
539 1349 754 1388 radicibus
783 1349 825 1387 in
855 1349 1017 1387 litteras
1045 1348 1289 1398 explosivas
1317 1348 1612 1387 desinentibus
1638 1346 1777 1394 παθη
1803 1346 1959 1401 βλαβ-,

319 1428 480 1465 nunqu,
516 1428 650 1466 μαχ-,
686 1428 781 1466 wl-
810 1414 1062 1453 derivantur
1089 1414 1296 1452 eiusmodi
1326 1413 1597 1453 substantiva
1624 1412 1769 1467 πάθη,
1795 1411 1958 1467 βλάβη,

319 1478 486 1531 σκάφη,
514 1478 654 1531 μάχη,
684 1478 799 1531 τύχη.
841 1476 1020 1518 Imm-a
1050 1479 1180 1529 igitur
1207 1479 1366 1529 optime
1394 1479 1606 1518 notionem
1636 1479 1794 1519 habere
1820 1482 1959 1531 potat

317 1544 516 1594 formae,
560 1545 714 1583 deinde
753 1542 1066 1583 formationi-³.
1114 1544 1304 1583 Eandem
1347 1556 1450 1594 ergo
1490 1544 1570 1583 loci
1603 1545 1956 1595 signifieauonom

318 1610 613 1659 adipiscimur,
659 1621 789 1659 quam
828 1610 1092 1649 Meinekiana
1133 1609 1424 1659 interpretatio
1460 1609 1673 1660 suggerit:
1716 1609 1959 1652 unumne

317 1676 505 1715 carmina
548 1676 682 1715 fuisse
727 1676 957 1715 Simonidis
1004 1674 1244 1727 ιποιήσεως’
1288 1675 1473 1714 frustula
1514 1675 1679 1715 avulsa.
1725 1675 1873 1726 Neque
1910 1676 1955 1716 ln

317 1742 471 1780 bonam
498 1743 683 1791 partem,
716 1743 763 1780 ut
789 1741 921 1779 voluit
946 1741 1110 1790 Bergk,
1145 1751 1283 1790 neque
1305 1740 1348 1779 in
1374 1740 1552 1790 malam,
1584 1742 1632 1780 ut
1656 1740 1953 1792 Wilamowitz,

316 1807 368 1845 de
397 1805 658 1846 Simonidis
683 1806 1004 1856 epigrammatis
1032 1806 1169 1844 fertur
1196 1805 1413 1845 iudicium.

371 1872 478 1910 Fieri
515 1873 655 1910 autem
686 1874 845 1921 potest,
889 1874 934 1910 ut
963 1871 1280 1910 Theodorideae
1307 1871 1562 1911 cavillationi
1591 1871 1788 1912 subtilior
1814 1871 1956 1912 subsit

317 1937 537 1975 sententia.
586 1937 752 1976 Etenim
796 1948 892 1975 cum
935 1948 959 1975 a
1004 1936 1144 1975 radice
1183 1934 1323 1975 πλαθ-
1365 1936 1584 1976 derivetur
1618 1939 1660 1976 et
1697 1937 1955 1979 vocabulum

315 2001 555 2053 πλάθανον,
588 2015 675 2052 quo
705 2002 899 2053 (Theocr.
919 2002 1053 2040 Adon.
1076 2001 1171 2051 115,
1196 2001 1298 2040 Poll.
1318 2001 1412 2040 VII.
1432 2001 1503 2051 22)
1533 2001 1786 2053 designatur
1809 2002 1949 2054 orbis,

316 2068 358 2106 in
400 2080 485 2117 quo
523 2080 655 2118 panes
692 2068 981 2118 effinguntur,
1027 2069 1067 2106 et
1104 2077 1345 2117 cauponae
1380 2067 1559 2106 ancillae
1594 2078 1746 2107 nomen
1784 2067 1955 2119 insigne

316 2130 526 2185 Πλαθάνη
547 2133 661 2183 apud
681 2134 752 2172 Ar.
773 2134 879 2172 Ran.
898 2132 976 2172 559
995 2132 1191 2181 obvium,
1215 2131 1330 2171 haud
1350 2131 1438 2170 scio
1456 2143 1512 2171 an
1532 2132 1788 2174 vocabulum
1805 2130 1952 2173 πλάθει

315 2199 485 2238 notione
521 2200 668 2238 latiore
705 2201 963 2248 usurpatum
1001 2198 1056 2236 sit
1084 2195 1175 2236 cibi
1205 2197 1269 2236 vel
1299 2207 1466 2236 coenae
1492 2197 1869 2247 Theodoridasque
1893 2197 1953 2237 al-

313 2264 462 2303 luserit
490 2265 543 2303 ad
573 2265 676 2303 illud
701 2264 920 2314 Aeschyli,
953 2263 1026 2312 qui
1055 2263 1299 2313 tragoedias
1327 2274 1431 2302 suas
1459 2261 1619 2315 τεμάχη
1648 2263 1735 2302 τῶν
1754 2259 1952 2315 Ὁμήρου

314 2327 496 2369 (δείπνων
525 2330 660 2368 fuisse
687 2330 793 2368 dixit
825 2329 993 2379 (Athen.
1019 2328 1137 2367 VIII.
1166 2328 1244 2367 347
1272 2326 1335 2378 e),
1368 2330 1416 2367 ut
1443 2328 1603 2367 ironice
1629 2329 1701 2372 τᾶς
1727 2324 1952 2379 Σιμωνίδη

312 2392 481 2438 πλάθας
517 2393 836 2446 ἀποσπάραγμα
875 2396 1099 2434 vocaretur
1137 2394 1277 2444 poesis
1315 2395 1483 2443 poetae,
1524 2393 1598 2443 qui
1630 2393 1870 2445 fragment·
1897 2403 1951 2434 ex

313 2460 516 2510 principis
553 2460 887 2511 epigrammatici
925 2463 1072 2510 poetae
1107 2459 1428 2510 epigrammatis
1461 2459 1626 2509 direpta
1655 2458 1748 2498 suis
1773 2457 1951 2498 tumidis

313 2526 574 2564 carminibus
602 2525 837 2565 intexuisse
865 2525 1102 2564 videbatur.

368 2589 394 2641 ἓ
427 2590 515 2630 125.
577 2589 644 2630 De
680 2589 970 2639 condicione,
1014 2601 1134 2641 quae
1164 2587 1286 2630 inter
1313 2587 1603 2629 Mna-caleam
1632 2588 1775 2640 atquo
1800 2586 1949 2628 Simo·

312 2654 467 2694 uidem
497 2655 648 2695 extare
674 2654 867 2695 videtur.
916 2656 1179 2705 Mnasalcas,
1211 2667 1338 2705 quem
1365 2655 1543 2694 Scholae
1567 2653 1951 2704 Peloponnesiacae

312 2719 446 2758 fuisse
473 2720 678 2759 asseclam
707 2722 836 2769 atque
863 2720 918 2759 ab
940 2721 1077 2770 Anyte
1105 2721 1264 2770 poetria
1292 2721 1385 2759 eius
1414 2719 1605 2770 principe
1632 2719 1817 2769 pendere
1842 2718 1949 2759 satis

311 2787 476 2824 constat
503 2784 575 2835 (cf.
600 2785 882 2824 Reitzenstein
908 2796 948 2835 p.
976 2786 1050 2824 125
1070 2784 1204 2835 sqq.),
1232 2784 1378 2824 utrum
1398 2785 1491 2823 iure
1512 2783 1743 2824 Simonidis
1762 2783 1949 2824 imitator

311 2861 335 2888 a
363 2850 630 2890 Theodorida
658 2850 896 2900 appellatus
925 2851 979 2889 sit
1007 2863 1063 2890 an
1092 2851 1270 2900 iniuria,
1303 2862 1419 2889 nunc
1450 2849 1693 2889 videndum.
1731 2848 1948 2889 Knnnekio

313 2914 398 2964 (ap.
440 2914 607 2954 Susem.
650 2916 696 2954 A.
736 2916 782 2954 L.
822 2916 864 2954 II
904 2927 945 2966 p.
983 2917 1058 2955 541
1100 2928 1142 2955 n.
1178 2915 1272 2966 107)
1303 2916 1407 2955 haec
1436 2916 1691 2966 vituperatio
1719 2908 1804 2954 non
1832 2915 1988 2958 ium-r·

311 2979 497 3018 videtur:
540 2980 624 3019 ‘fiir
661 2980 804 3019 diesen
843 2980 1041 3020 Vorwurf
1077 2981 1210 3020 findet
1247 2981 1337 3020 sich
1375 2981 1436 3020 in.
1457 2980 1539 3019 den
1572 2980 1817 3019 erhaltenen
1846 2978 1946 3030 Epi·

310 3056 529 3093 grammen
571 3045 790 3084 durchaus
830 3045 927 3084 kein
971 3047 1100 3097 Beleg
1141 3076 1151 3085 .
1186 3076 1196 3085 .
1232 3077 1238 3083 .
1274 3076 1284 3085 .
1337 3045 1396 3085 So
1437 3045 1601 3085 scheint
1644 3044 1836 3084 Meinelre
1876 3044 1947 3083 die

310 3109 555 3159 feindselige
596 3110 871 3160 Gesinnung,
916 3111 984 3150 die
1027 3112 1116 3151 sich
1159 3112 1202 3151 in
1240 3111 1399 3151 diesem
1436 3110 1639 3150 Gediehte
1673 3108 1941 3160 ausspricht,

2066 3342 2072 3351 ,Δ
2055 3178 2072 3331 ...μὴμὴ-μ
2062 3143 2072 3170 m·
2055 3107 2072 3134 ’ἑμ
2040 3057 2072 3093 „⁷-
2051 3001 2072 3042 ,ἴῃ
2063 2979 2072 2985 ι
2056 2905 2072 2969 iva-1
