2072 3568
874 265 878 268 Δ
903 238 954 281 49
1515 241 1540 295 g
1571 240 1644 294 25,
1677 240 1742 283 26.

376 363 427 407 οὗ
456 362 537 418 γὰρ
565 363 860 418 τοξοφόροισιν
888 365 1125 419 ἐμήσατο
1156 364 1214 406 δῖ’
1240 363 1466 419 Ἀφροδίτα

22 475 48 490 »η’
429 430 670 483 Πέρσαις
692 429 905 472 Ἑλλάνων
933 431 1165 484 ἀκρόπολιν
1192 431 1482 484 προδόμεν.
1544 480 1547 482 μ

30 538 46 545 Ν
107 496 181 540 καὶ
226 497 267 538 οἱ
311 496 470 538 ἶόιῶται
515 495 562 536 δὲ
602 495 871 549 κατεύχονται
913 500 961 550 τῇ
1003 497 1097 550 θεῷ
1138 497 1414 538 τελεσθέντων
1454 496 1549 549 περὶ
1590 496 1653 537 ὧν
1695 498 1752 537 ἂν

87 564 310 604 ’ποιῶνται
337 562 410 615 τὴν
440 561 580 615 δέησιν
609 561 782 609 ἀπάξειν
811 561 915 615 αὐτῇ
943 561 1014 602 καὶ
1046 561 1135 614 [τὰς
1163 564 1242 602 del.
1276 562 1392 615 Wil.]
1424 562 1599 615 ἑταίρας.

22 663 54 675 ,Ν
163 628 216 668 In
252 619 392 668 tribus
420 626 472 679 1⁷)
513 628 580 667 his
618 628 871 667 testimoniis
909 629 991 667 tria
1029 631 1130 668 sunt
1168 629 1394 679 elementa,
1437 641 1547 678 quae
1583 629 1627 667 in
1666 629 1747 668 alio

110 693 230 735 aliter
258 693 482 733 coniuncta
511 693 733 732 habemus.
780 693 1081 734 Simonidis
1111 706 1301 733 nomen
1331 695 1451 733 adest
1480 695 1594 744 apud
1623 694 1746 733 Athe-

1 746 17 796 ’,
37 765 50 784 ss
110 770 264 799 naeum
301 760 342 798 et
379 759 679 809 Plutarchum,
720 759 838 798 deest
877 759 920 797 in
962 759 1131 798 Scholio
1161 760 1386 798 Pindarico
1417 758 1741 810 (Theopompo).

1 835 61 875 »f
111 824 331 874 Mulier-ee,
364 835 475 874 quae
503 825 788 874 precationem
818 825 1031 874 fecerunt,
1064 825 1336 874 Theopompo
1364 826 1492 874 atque
1520 825 1747 863 Plutarcho

2 893 6 945 {7
112 889 426 930 Corinthiorum
475 891 578 929 sunt
620 891 922 940 matronae,
974 890 1188 929 Athenaeo
1231 890 1563 929 meretrices.
1623 889 1746 935 Quod

2 946 4 949 ⁷
33 985 59 1010 „³
108 954 293 1004 denique
319 954 374 994 ad
402 955 568 994 donarii
596 966 734 1005 genus
763 955 935 1005 attinet,
970 955 1226 994 Plutarchus
1256 955 1553 994 simulacra
1583 966 1747 994 aenea

110 1021 431 1070 commemorat,
463 1020 706 1059 Athenaeus
735 1021 876 1059 autem
904 1020 1148 1059 tabulam
1177 1020 1389 1069 pictam.
1437 1020 1574 1065 Quam
1603 1020 1746 1058 itidem

4 1075 6 1110 Ϊ
110 1084 336 1124 tradidisse
373 1085 716 1135 Theopompum,
763 1086 886 1125 cuius
923 1085 1125 1124 memoria
1163 1086 1242 1124 hac
1279 1085 1322 1123 in
1362 1097 1406 1124 re
1444 1085 1587 1135 periit,
1634 1085 1746 1124 infra

6 1162 9 1206 j
34 1191 43 1195 ,
114 1147 162 1202 (ἕ
190 1148 260 1200 27)
290 1150 667 1190 demonstrabitur.

164 1215 496 1266 Epigrammatis
524 1218 687 1256 textum
717 1217 838 1264 aliter
866 1217 975 1256 alius
1004 1215 1190 1266 praebet.
1224 1215 1517 1265 Quamquam,
1557 1218 1603 1254 ut
1634 1216 1745 1254 vide-

51 1276 78 1330 ζ’
112 1279 252 1320 bimus
292 1275 352 1332 ἕξ
381 1281 430 1321 31
468 1283 508 1320 et
545 1281 618 1332 33,
665 1283 808 1321 textus
851 1281 1052 1320 Athenaei
1091 1281 1392 1330 Plutarchique
1430 1281 1745 1320 similitudinem

47 1340 74 1396 ss
111 1346 328 1396 quandam
357 1359 460 1398 prae
487 1359 534 1387 se
561 1347 728 1398 ferunt,
766 1359 851 1397 qua
881 1359 905 1386 a
934 1347 1229 1397 Theopompeo
1258 1346 1476 1385 differunt.

166 1409 194 1463 ἓ
223 1411 287 1452 26.
356 1411 568 1453 Virorum
606 1412 850 1453 doctorum
884 1410 1139 1463 opiniones.
1200 1411 1263 1450 Ad
1292 1411 1635 1450 constituendum
1666 1414 1746 1450 ter-

59 1482 73 1533 ss
111 1476 303 1528 minum,
353 1479 451 1518 ante
495 1490 622 1528 quem
674 1478 845 1529 Sylloge
890 1477 1122 1527 composita
1164 1488 1258 1515 esse
1300 1477 1515 1526 videatur,
1566 1477 1748 1516 maxime

105 1541 211 1583 ¹seiri
238 1542 436 1593 interest,
469 1554 657 1593 quonam
685 1555 737 1582 ex
765 1544 938 1582 auctore
966 1542 1008 1581 in
1038 1543 1300 1581 Athenaeum
1330 1543 1369 1580 et
1398 1542 1440 1579 in
1472 1542 1746 1581 Plutarchum

58 1606 351 1662 :tspervenerit
377 1608 640 1659 epigramma
669 1610 865 1647 nostrum
894 1608 936 1646 in
965 1605 1215 1647 recentiore
1241 1606 1487 1646 condicione
1517 1605 1602 1657 (S).
1636 1607 1747 1652 Quo-

53 1661 223 1712 222⁴⁴eirca
259 1672 606 1724 investigandum
644 1675 730 1723 est,
773 1673 985 1723 quomodo
1022 1673 1103 1711 tria
1142 1672 1211 1710 illa
1249 1672 1486 1710 testimonia
1525 1672 1749 1711 cohaerere

77 1733 78 1736 ’
113 1736 329 1788 triumque
355 1738 659 1778 elementorum
688 1738 997 1788 discrepantiae
1025 1739 1142 1776 ortae
1169 1748 1264 1776 esse
1292 1736 1530 1775 videantur.

52 1799 62 1858 ζ
165 1802 345 1843 Necesse
382 1815 466 1853 non
497 1804 632 1844 habeo
659 1804 756 1843 fuse
784 1804 942 1843 referre
969 1814 1117 1842 omnes
1147 1803 1336 1841 virorum
1366 1802 1586 1841 doctorum
1615 1802 1748 1851 opini-

63 1868 87 1902 ’ἑ
112 1877 217 1907 ones
257 1868 310 1908 de
347 1868 502 1908 horum
539 1869 878 1909 testimoniorum
917 1868 1179 1919 cognatione.
1227 1868 1424 1917 Plerique
1460 1868 1571 1906 enim
1612 1879 1749 1917 neque

63 1933 312 1987 ‘Qantiquae
356 1934 676 1985 epigrammatis
723 1934 982 1974 condicionis
1030 1945 1167 1983 neque
1213 1933 1402 1972 omnium
1445 1933 1747 1972 elementorum

66 1995 96 2041 ζ-
113 1996 406 2038 discriminum
458 2000 664 2039 rationem
715 2000 972 2039 habuerunt.
1032 1999 1251 2044 Quantum
1301 2010 1324 2037 a
1379 2010 1478 2037 vero
1530 1998 1748 2037 recesserit

67 2070 85 2107 ’ἶ
114 2059 290 2114 Bergk
318 2064 492 2117 p.¹481,
525 2065 694 2104 cum'in
727 2064 896 2104 Scholio
925 2064 1149 2103 Pindarico
1181 2063 1410 2102 Simonidis
1441 2075 1592 2102 nomen
1623 2064 1748 2101 inter-

70 2123 266 2180 ‚2eidisse
291 2131 482 2180 putaret,
515 2130 630 2180 quod
660 2130 916 2169 Plutarchus
939 2130 1023 2168 iam
1047 2129 1280 2168 invenisset
1305 2140 1401 2167 cum
1423 2129 1747 2167 commentarios

92 2187 360 2246 ἶξΡίιιᾶαῐίοοε
401 2195 645 2246 adhiberet,
696 2195 789 2234 luce
831 2195 988 2234 clarius
1030 2196 1107 2233 est.
1167 2194 1312 2243 Neque
1355 2194 1643 2243 respiciendus
1686 2195 1749 2231 est

18 2255 19 2258 ’
74 2252 408 2310 signauvette,
442 2261 564 2299 cuius
592 2261 799 2311 expositio
830 2259 888 2310 (p.
917 2259 964 2299 19
991 2271 1081 2309 sq.,
1114 2260 1164 2298 55
1190 2257 1306 2309 sqq.)
1337 2260 1421 2297 tam
1453 2259 1630 2298 confusa
1659 2261 1744 2307 est,

73 2315 164 2377 jsj'ut
202 2334 328 2375 aegre
367 2325 590 2375 expedias,
635 2326 738 2375 quid
776 2326 844 2364 ille
882 2325 935 2364 sit
973 2326 1228 2364 consecutus
1257 2322 1323 2374 18).
1372 2323 1560 2362 Kaibel
1598 2335 1637 2372 p.
1671 2322 1749 2361 446

78 2380 249 2439 §auca
289 2391 456 2429 tantum
497 2390 550 2429 de
592 2390 658 2429 his
699 2390 801 2429 locis
842 2389 1014 2440 profert.
1062 2389 1215 2427 Mirum
1255 2388 1297 2426 in
1336 2389 1509 2427 modum
1549 2388 1749 2437 Preger

71 2443 188 2504 ’ξ’(Βὸ
213 2470 266 2487 =
292 2454 396 2494 diss.
430 2467 469 2505 p.
504 2455 553 2494 12
582 2454 699 2506 sqq.)
739 2455 1033 2505 cognationem
1072 2453 1271 2493 constitui
1310 2464 1435 2502 posse
1472 2453 1747 2491 existimavit:

88 2510 169 2564 ⁷501
201 2518 519 2571 epigrammatis
555 2521 668 2560 enim
705 2520 892 2559 textibus
930 2519 1112 2558 diversis
1145 2519 1313 2558 efficere
1341 2519 1519 2557 conatus
1548 2520 1633 2567 est,
1676 2518 1749 2567 qui

18 2610 23 2615 -
97 2584 263 2624 auctor
302 2584 355 2624 de
394 2585 571 2625 donario
614 2585 932 2626 Corinthiorum
971 2596 1121 2624 verum
1158 2583 1360 2631 traderem
1406 2583 1569 2621 nullum
1607 2584 1747 2622 autem

251 2720 398 2765 Neglegi
432 2726 546 2764 potest
578 2726 747 2765 quartum
784 2722 1027 2754 testimonium
1064 2721 1235 2762 (Lnscaris
1270 2730 1322 2762 ap.
1363 2721 1402 2752 lr.
1440 2730 1468 2761 p.
1500 2719 1565 2751 ⁶263
1600 2721 1662 2752 col.
1695 2719 1749 2759 ⁶2),

18 2788 25 2811 1.
71 2784 74 2786 ’
108 2755 209 2809 ξῖἢοᾱ
232 2787 273 2810 ex
297 2777 435 2811 scholio
460 2778 641 2812 Pindarico
666 2779 833 2811 haustum
859 2788 934 2810 esse
961 2778 1046 2810 vidit
1072 2778 1197 2819 Preger
1218 2788 1247 2818 p.
1261 2776 1303 2808 54
1327 2787 1358 2808 n.
1372 2776 1402 2808 1.
1427 2775 1591 2808 Continet
1612 2779 1747 2807 textum

2 2813 26 2879 ᾗ
94 2828 378 2875 lssfflmmatis
411 2835 600 2876 praemissa
633 2838 716 2867 nota
749 2835 833 2866 hac:
865 2831 1066 2875 ἐπίγραμμα
1088 2830 1337 2875 Ἀριστοτέλους
1361 2829 1507 2873 ἐλεγεῖον
1530 2828 1567 2862 ἕο
1590 2833 1664 2862 νιαι·
1656 2833 1749 2872 τῆς

27 2890 30 2895 '
90 2891 92 2894 ⁷
243 2891 246 2899 ¹
300 2913 308 2922 .
345 2890 522 2932 Explicare
545 2893 692 2923 conatus
715 2900 795 2923 sum
821 2889 838 2931 5
862 2889 945 2932 120,
979 2907 1016 2913 -
1043 2890 1074 2921 iul
1101 2890 1193 2931 quo}
1222 2889 1348 2930 Preger
1373 2899 1440 2920 non
1466 2888 1665 2929 expa‘lnuuit
1688 2904 1731 2909 -

105 2926 181 2996 ῗῘζ-Ῡιίἱ
203 2943 285 2979 huic
306 2946 551 2989 epigrammati
577 2946 775 2979 Aristotelis
796 2947 991 2979 auctoritas
1014 2946 1101 2978 alivi
1129 2946 1290 2987 potuenit.

114 2994 210 3042 ¹⁵⁷²⁸)
253 3000 510 3035 thamowitzii
541 3002 899 3043 Commentationum,
931 3012 970 3034 ex
1004 3012 1074 3044 qno
1106 3004 1281 3043 quamtum
1315 3001 1594 3031 crunnum-utum
1623 2998 1747 3039 'uu-vivi

74 3014 155 3089 ⁷⁷⁴¹
181 3057 271 3091 uerit
300 3057 393 3092 infra
422 3057 455 3100 (ἓ
477 3058 536 3098 30)
568 3059 767 3101 apparebit,
798 3060 872 3092 suis
903 3059 1013 3091 oculis
1046 3058 1213 3099 inspirent·
1241 3057 1302 3089 val.
1330 3067 1467 3088 nvn-usse
1492 3067 1558 3088 nun
1587 3056 1749 3087 imbuis-w

177 3114 257 3146 etur
278 3111 325 3157 (p.
349 3114 393 3148 Ἦ)
417 3126 450 3149 ιι.
474 3115 494 3148 4
517 3119 554 3148 et
577 3115 623 3155 5).

20 3190 26 3222 2
46 3209 48 3212 ψ
100 3190 136 3226 επ.

1596 3166 1617 3200 4
