2072 3496
779 803 813 848 C
847 804 887 848 A
919 803 955 847 P
987 804 1027 848 U
1059 804 1094 847 T
1158 803 1209 848 V.

365 932 629 970 TRADITIONIS
653 932 988 970 EPIGRAMMATUM
1014 932 1330 970 SlMONIDEORUM
1357 932 1623 971 CONSPEOTUS.

232 1053 257 1106 ξ
291 1055 379 1093 142.
441 1053 508 1093 De
551 1053 796 1093 titulorum
834 1051 1214 1092 Simonideorum
1252 1051 1434 1103 oriyine
1471 1053 1612 1103 atque
1648 1054 1809 1092 aetate.

176 1120 257 1169 Iis,
299 1119 457 1169 quibus
496 1119 736 1158 Simonides
770 1119 938 1168 floruit,
979 1118 1242 1167 temporibus
1274 1116 1507 1157 litteraria
1534 1118 1812 1167 epigramma-

175 1185 255 1224 tica
284 1185 424 1234 poesis
453 1185 644 1223 nondum
673 1184 902 1223 colebatur.
941 1183 986 1222 Si
1015 1195 1100 1232 qua
1130 1195 1153 1221 a
1183 1183 1318 1232 poetis
1348 1183 1491 1232 lyricis
1521 1183 1813 1221 condebantur

174 1250 306 1300 elegia
337 1247 527 1300 (ἐλεγεῖα)
559 1250 689 1289 unius
718 1261 1007 1300 paucorumve
1035 1249 1336 1298 distichorum,
1374 1270 1426 1275 —
1454 1249 1595 1297 qualia
1625 1248 1812 1287 carmina

175 1316 430 1365 posteriores
467 1314 762 1367 ἐπιγράμματα
802 1317 1062 1354 vocaverunt
1100 1337 1176 1363 m,
1218 1326 1266 1352 ea
1296 1314 1424 1363 lapidi
1453 1314 1663 1352 destinata
1692 1315 1813 1352 erant

175 1381 699 1430 subministrabanturque
738 1381 827 1419 sive
864 1380 998 1430 gratis
1037 1380 1127 1418 sive
1164 1379 1343 1428 pecunia
1381 1380 1503 1428 pacta
1536 1379 1811 1417 donariorum

175 1445 481 1496 cipporumque
531 1446 787 1495 dedicatori,
843 1446 966 1485 cuius
1017 1445 1148 1483 unius
1195 1456 1349 1483 nomen
1397 1456 1492 1482 cum
1539 1444 1814 1493 inscriptione

178 1509 476 1562 (ἐπιγράμματι
525 1512 590 1550 vel
636 1510 867 1562 ἐπιγραφῇ)
917 1510 1118 1560 coniungi
1165 1511 1329 1559 poterat
1377 1511 1523 1558 poetae
1564 1509 1814 1548 auctoritate

174 1587 355 1625 prorsus
383 1576 585 1626 neglecta.
619 1576 770 1625 Itaque
797 1575 962 1614 etiamsi
990 1575 1248 1614 Simonidem
1274 1574 1388 1623 apud
1414 1574 1611 1623 aequales
1636 1574 1813 1612 eximiae

175 1641 279 1679 artis
320 1641 690 1691 epigrammaticae
730 1641 928 1691 opinione
969 1641 1156 1679 fructum
1199 1651 1294 1678 esse
1335 1640 1678 1678 constituendum
1722 1641 1808 1689 est,

175 1706 340 1744 nullum
377 1706 469 1745 eius
511 1705 800 1756 ‘epigramma’
837 1706 947 1745 tradi
986 1705 1121 1755 potuit
1157 1705 1248 1744 eius
1277 1705 1526 1744 auctoritate
1554 1705 1811 1743 instructum

178 1770 225 1822 (ἓ
259 1771 307 1810 19
336 1770 468 1821 sqq->-

227 1836 351 1882 Quod
379 1838 520 1876 autem
550 1839 696 1886 postea
725 1837 943 1886 complura
972 1836 1278 1886 epigrammata
1307 1836 1557 1886 legebantur
1581 1836 1812 1875 Simonidis

175 1902 345 1940 nomine
372 1904 544 1952 ornata,
577 1902 613 1940 ei
642 1913 797 1940 causae
826 1901 1050 1951 praecipue
1079 1901 1354 1940 tribuendum
1383 1903 1469 1950 est,
1502 1901 1616 1950 quod
1643 1901 1812 1940 saeculo

173 1968 327 2016 quarto
372 1968 552 2005 exeunte
598 1966 902 2017 grammaticus
949 1966 1123 2015 quidam
1168 1966 1467 2015 Peripateticae
1511 1966 1714 2015 Scholae,
1765 1967 1812 2004 ut

174 2031 363 2082 videtur,
405 2032 566 2071 assecla
605 2032 887 2071 collectionem
926 2030 1110 2070 instituit
1147 2031 1502 2081 epigrammatum
1542 2031 1810 2080 potissimum

173 2097 287 2147 apud
326 2097 554 2147 scriptores
582 2097 830 2146 obviorum,
872 2108 982 2146 quae
1011 2098 1183 2145 propter
1211 2098 1513 2146 argumentum
1544 2096 1609 2135 vel
1639 2098 1811 2145 propter

172 2162 356 2201 indolem
401 2162 606 2201 Simonidi
649 2162 803 2201 ascribi
841 2173 967 2211 posse
1006 2161 1260 2200 videbantur
1302 2161 1380 2213 (§§
1421 2162 1494 2211 37,
1539 2161 1647 2211 135).
1697 2162 1812 2200 Haec

178 2227 365 2278 ‘Sylloge
409 2226 666 2266 Simonidea'
706 2238 731 2266 a
769 2227 980 2276 Meleagro
1017 2228 1214 2276 excerpta
1251 2229 1315 2266 est
1353 2229 1480 2276 atque
1517 2227 1559 2265 in
1600 2227 1810 2266 Coronam

174 2294 359 2342 recepta;
389 2293 431 2331 in
462 2292 584 2331 cuius
613 2291 864 2342 fragmentis
889 2291 1029 2330 denuo
1053 2293 1249 2341 excerpta
1275 2292 1442 2330 transiit
1467 2303 1563 2331 cum
1588 2292 1631 2330 in
1654 2291 1810 2330 Antho-

172 2358 328 2408 logiam
367 2357 653 2408 Cephalanam
693 2354 966 2407 (Palatinam)
1006 2358 1097 2395 tum
1136 2356 1179 2395 in
1217 2357 1512 2406 Anthologiam
1549 2356 1809 2395 Planudeam

176 2422 223 2474 (ἓ
254 2422 339 2472 38)·

228 2489 278 2526 In
316 2488 534 2538 florilegiis
571 2488 712 2527 autem
751 2486 833 2525 illis
874 2486 1115 2526 Simonidea
1149 2498 1242 2536 epp.
1270 2488 1310 2525 et
1339 2486 1609 2525 librariorum
1640 2498 1810 2536 excerp-

173 2555 400 2603 torumque
436 2553 676 2603 erroribus,
718 2552 866 2602 quales
905 2554 1006 2591 sunt
1043 2564 1201 2601 pravae
1238 2552 1576 2591 continuationes
1613 2551 1712 2601 (eg.
1741 2563 1806 2601 ep.

177 2618 274 2667 179,
315 2619 367 2658 cf.
408 2617 434 2669 ξ
476 2617 594 2668 100),
636 2618 988 2668 transpositiones
1030 2617 1129 2668 (eg.
1167 2629 1231 2667 ep.
1273 2618 1369 2667 150,
1411 2618 1462 2655 cf.
1495 2616 1520 2667 ξ
1551 2616 1643 2666 91),
1685 2617 1810 2656 omis-

174 2684 315 2722 siones
360 2682 430 2734 (cf.
475 2683 500 2734 ξ
544 2683 643 2733 92),
690 2683 961 2723 confusiones
1005 2683 1223 2721 nominum
1272 2682 1515 2721 Simonideo
1557 2682 1809 2721 assimilium

177 2748 247 2799 (cf.
292 2747 317 2799 ξ
360 2748 411 2787 82
455 2760 496 2787 n.
541 2748 663 2799 103),
710 2748 949 2787 Mnasalcae
991 2748 1246 2786 imitationes
1292 2747 1558 2787 Simonideae
1603 2747 1810 2786 Simonidi

174 2813 402 2852 attributae
446 2811 492 2864 (ἓ
538 2813 612 2853 125
655 2812 796 2863 sqq.),
842 2815 883 2851 ct
924 2813 1176 2852 coniecturis
1221 2812 1290 2863 (cf.
1336 2812 1360 2863 ξ
1405 2812 1474 2863 92)
1519 2815 1646 2862 atque
1683 2812 1810 2851 inter-

176 2878 460 2928 polationibus
479 2878 514 2929 1)
545 2879 655 2918 hanc
678 2879 721 2917 in
744 2878 923 2917 aliorum
949 2880 1170 2928 poetarum
1190 2878 1508 2928 epigrammatis
1528 2878 1809 2916 exercuerunt

220 3044 250 3086 1)
297 3045 438 3078 Praeter
467 3045 756 3087 interpolationes
787 3045 1009 3086 singulorum
1042 3044 1271 3077 distichorum
1304 3044 1336 3085 (5
1367 3044 1426 3085 01)
1457 3048 1566 3086 atquc
1599 3044 1705 3076 unius
1736 3044 1809 3085 cpi-

175 3101 382 3142 grammatis
406 3102 592 3145 paululum
619 3101 797 3134 immutati
825 3100 1068 3142 repetitionem
1093 3099 1126 3139 (5
1143 3100 1267 3142 141,0),
1291 3110 1382 3142 quae
1401 3105 1477 3142 post
1488 3100 1679 3142 Cephalum
1698 3101 1811 3132 suntne
