2072 3568
910 237 985 277 169
1639 237 1664 289 g
1697 238 1759 277 94.

130 375 390 416 quamquam
427 363 592 401 nullum
631 362 843 412 praecedit
880 374 963 412 ep.,
1005 362 1128 401 cuius
1162 373 1315 401 versus
1344 363 1530 401 minores
1559 363 1766 401 eiusmodi

130 431 232 470 sunt
277 427 554 478 ‘tetrametri',
601 428 748 477 quales
791 428 1094 467 describuntur
1135 428 1190 466 ad
1227 428 1347 466 XIII.
1385 428 1435 467 25
1478 426 1767 479 (τετράμετρος

62 493 78 549 ¹„
130 492 374 541 πλεονάζων
409 496 487 545 μιᾷ
523 491 710 544 συλλαβῇ
747 494 820 532 τοῦ
859 491 1112 544 ἑξαμέτρου,
1159 493 1211 532 cf.
1249 493 1369 531 XIII.
1407 493 1566 542 25,2‚4;
1605 493 1764 542 26,1‚3;

57 552 79 596 ζ·
95 559 97 563 ’
130 558 399 610 27,1,3,5,7),
446 561 586 597 tamen
625 558 777 612 eadem.
804 559 908 604 ‘nota
947 559 1119 605 metrica
1158 580 1208 584 ——-
1247 556 1313 597 ἐπὶ
1349 561 1410 610 τῷ
1447 557 1589 610 αὐτῷ
1626 572 1765 609 τετρα-

54 614 75 659 fs*
129 623 272 676 μέτρῳ
313 622 396 664 κτλ.
439 646 492 651 ·-
535 624 577 674 (a
621 622 671 674 C)
716 623 901 673 ascripta
943 624 1029 673 est,
1075 635 1186 672 quae
1227 625 1340 668 extat
1383 625 1478 673 post
1522 624 1766 663 Callimachi

8 710 10 726 ε
49 722 74 741 3
130 701 282 730 nomen
320 689 440 728 XIII.
477 688 529 728 28
559 686 648 739 (Β).
696 689 919 728 Hac.vero
948 689 1224 738 sagacissima
1254 689 1553 727 observatione
1583 700 1650 727 res
1680 701 1765 727 non

130 767 227 796 cum
267 755 451 806 Bergkio
493 756 621 804 atque
665 754 978 793 Wilamowitzio
1021 754 1229 804 dirempta
1272 756 1336 793 est
1379 755 1588 794 habenda.
1639 754 1766 793 Tituli

7 854 10 873 ,
51 814 66 850 s
130 822 271 869 autem
301 820 570 861 Callimachei
599 821 808 869 notaeque
835 820 1034 858 metricae
1061 819 1324 858 iterationem
1354 821 1451 858 ante
1479 831 1543 870 ep.
1570 820 1690 858 XIII.
1715 820 1767 859 28

53 877 69 893 ⁵
131 894 215 926 non
253 888 364 926 recte
399 886 632 936 explicasse
670 885 911 924 Heckerum
949 885 993 923 in
1032 886 1175 934 aprico
1212 886 1298 935 est,
1342 885 1519 934 putabat
1557 886 1666 924 enim
1697 897 1761 935 ep.

48 947 65 999 ’ζ
131 952 457 993 Callimacheum
498 952 542 989 in
583 951 674 990 cod.
714 951 801 990 Pal.
840 950 1012 999 quidem
1049 950 1144 989 VII.
1186 950 1262 990 728
1300 950 1404 1000 legi,
1450 951 1494 989 in
1534 951 1627 990 aliis
1666 962 1766 989 vero

2 1010 10 1047 ἶ
58 1043 77 1065 n
130 1017 406 1067 Anthologiae
433 1016 736 1066 manuscriptis
764 1016 919 1055 lectum
947 1027 1042 1055 esse
1070 1016 1180 1054 inter
1209 1027 1303 1065 epp.
1326 1016 1445 1054 XIII.
1466 1016 1517 1054 27
1547 1017 1675 1065 atque
1698 1015 1762 1054 28.

65 1111 68 1114 -
131 1082 237 1123 Cum
276 1094 377 1121 vero
413 1094 478 1132 ep.
519 1093 647 1120 suum
684 1081 838 1120 habeat
875 1081 1015 1120 locum
1053 1081 1148 1120 VII.
1189 1080 1266 1120 728
1303 1081 1346 1119 in
1376 1081 1615 1131 fragmento
1644 1081 1766 1119 Mele—

52 1143 74 1198 J·
130 1159 258 1198 agreo
287 1146 400 1198 (VII.
440 1146 693 1198 707-740)‚
735 1149 835 1186 nota
873 1148 1014 1186 autem
1052 1146 1225 1185 metrica
1265 1158 1351 1185 non
1379 1147 1422 1184 in
1453 1147 1630 1196 septimo
1659 1146 1767 1184 libro

67 1222 70 1223 ’
130 1213 204 1253 sed
249 1213 293 1252 in
340 1213 502 1267 decimo
542 1212 666 1252 tertio
710 1211 946 1262 (variorum
989 1210 1270 1262 metrorum),
1321 1223 1410 1250 rem
1452 1212 1512 1251 sic
1556 1223 1765 1261 propono:

9 1309 10 1312 η
130 1278 404 1318 concinnator
449 1278 546 1316 libri
593 1277 726 1328 XIII,
778 1288 882 1317 cum
928 1288 976 1317 ez
1018 1275 1386 1328 Antholoyia
1429 1275 1767 1328 Cephalania

63 1394 73 1400 .
130 1341 522 1395 epiyrammatum
541 1341 687 1383 variis
706 1341 865 1383 metris
885 1341 1252 1393 conscriptorum
1271 1341 1435 1382 seriem
1455 1340 1762 1393 conquireret,

52 1397 76 1435 s·
131 1409 268 1459 primo
304 1409 383 1448 hoc
420 1421 484 1459 ep.
520 1420 572 1447 ex
607 1409 700 1447 VII.
741 1408 1037 1458 728⁴·recipere
1065 1408 1197 1447 voluit
1225 1409 1482 1457 titulumque
1509 1408 1592 1446 iam
1621 1419 1766 1446 exara-

60 1471 68 1501 ἵ
131 1475 250 1514 verat
287 1475 382 1524 post
411 1474 531 1513 XIII.
560 1474 630 1523 27,
673 1474 825 1512 deinde
853 1474 1016 1513 consilii
1045 1485 1143 1512 eum
1172 1474 1400 1523 poenituit,
1442 1473 1625 1512 fortasse
1652 1473 1767 1522 quod

53 1526 71 1594 ’Ἴ
131 1539 449 1590 epigrammatis
477 1539 590 1578 illius
620 1539 764 1578 versui
792 1539 915 1578 tertio
944 1539 1061 1578 deest
1088 1539 1247 1588 exitus,
1280 1539 1541 1589 epigramma
1571 1549 1649 1577 suo
1677 1538 1767 1577 loco

132 1605 323 1655 reliquit,
364 1605 535 1644 titulum
565 1616 666 1643 vero
695 1606 924 1653 notamque
952 1604 1169 1643 metricam
1198 1616 1283 1643 non
1313 1604 1451 1643 solum
1480 1603 1653 1642 eradere
1682 1615 1766 1642 non

67 1670 69 1673 ’
133 1681 304 1710 necesse
340 1670 516 1720 habuit,
558 1670 632 1709 sed
662 1671 809 1709 contra
837 1670 950 1708 illam
981 1669 1124 1708 itidem
1153 1669 1350 1719 ascripsit
1378 1669 1432 1708 ad
1461 1681 1525 1718 ep.
1549 1669 1643 1707 VII.
1674 1669 1762 1707 728.

63 1725 65 1727 ’
131 1735 320 1785 Utraque
347 1737 447 1774 nota
476 1735 520 1774 in
550 1735 640 1774 cod.
670 1735 757 1774 Pal.
787 1735 994 1774 translata
1023 1737 1087 1774 est
1118 1734 1363 1785 (V11.728a
1380 1735 1425 1784 O,
1451 1735 1570 1772 XIII.
1586 1734 1676 1773 28a
1695 1732 1762 1784 Β).

58 1806 71 1837 .’
130 1799 253 1839 Nunc
280 1801 554 1851 perspicuum
583 1811 677 1839 esse
704 1800 875 1849 opinor,
915 1812 1010 1849 cur,
1050 1811 1147 1839 cum
1177 1800 1342 1838 nullum
1371 1799 1467 1838 libri
1497 1799 1602 1837 XIII
1631 1811 1695 1848 ep.
1724 1799 1766 1836 in

55 1868 62 1921 ζ
130 1865 251 1904 libris
272 1865 549 1916 Anthologiae
571 1865 787 1904 Palatinae
809 1866 1064 1915 Cephalanis
1087 1865 1250 1914 redeat,
1283 1876 1441 1914 unum,
1475 1864 1597 1903 cuius
1618 1864 1767 1902 titulus

78 1966 79 1969 ,
131 1931 247 1970 solus
289 1931 333 1970 in
375 1931 445 1970 illo
487 1932 685 1970 servatus
728 1932 814 1980 est,
860 1931 903 1969 in
946 1931 1012 1969 his
1056 1931 1312 1969 inveniatur.
1360 1930 1404 1968 Is
1446 1930 1595 1968 titulus
1638 1929 1768 1979 igitur

56 1991 71 2011 ”
131 1995 271 2046 arguit
299 2007 393 2046 epp.
420 1995 517 2035 libri
547 1996 653 2034 XIII
681 2007 733 2035 ex
762 1996 1006 2045 Cephalana
1035 1995 1288 2046 Anthologia
1318 2007 1412 2034 esse
1439 1995 1654 2034 arcessita.

66 2064 72 2112 j
183 2061 247 2100 Ad
289 2059 486 2101 alteram
527 2061 832 2110 quaestionem.
881 2062 1116 2100 Primum
1145 2061 1537 2100 animadvertamus
1566 2060 1618 2098 ad
1649 2060 1767 2098 deca-

131 2125 233 2166 dum
272 2137 510 2177 numeros,
551 2137 661 2176 quos
699 2127 830 2176 priori
867 2126 993 2165 Anth.
1034 2127 1120 2165 Pal.
1154 2126 1251 2164 libri
1279 2126 1359 2164 VII
1390 2125 1499 2175 parti
1530 2124 1686 2175 (usquc
1714 2125 1766 2163 ad

60 2181 71 2186 ’
130 2201 195 2240 ep.
230 2189 327 2241 497)
367 2191 575 2241 ascriptos
614 2191 667 2230 ad
708 2191 936 2240 Cephalam
965 2191 1107 2241 ipsum
1138 2202 1356 2230 recurrere
1385 2190 1570 2236 vidimus
1602 2189 1647 2239 (ξ
1679 2188 1763 2239 92).

59 2258 80 2298 -31'
131 2253 292 2300 Quodsi
319 2256 411 2295 iure
435 2256 735 2295 constituimus
759 2256 1065 2306 epigrammata
1092 2256 1301 2305 quaedam
1326 2267 1377 2294 ex
1403 2255 1581 2304 pristina
1608 2255 1767 2304 Cepha-

60 2319 77 2369 f
130 2320 226 2360 lana
264 2321 363 2360 sede
399 2321 444 2360 in
480 2321 697 2360 metricam
737 2322 927 2371 syllogen
966 2321 1172 2360 translata
1209 2332 1324 2370 esse,
1368 2320 1460 2358 fieri
1490 2331 1575 2358 non
1605 2321 1763 2369 potest,

56 2393 69 2419 “1
131 2385 234 2435 quin
259 2397 583 2435 nonnumquam
608 2386 718 2425 inter
739 2386 825 2425 duo
850 2387 1156 2436 epigrammata
1179 2386 1376 2435 deinceps
1398 2385 1568 2424 decadis
1590 2396 1768 2423 numero

53 2451 79 2494 ζ
130 2449 332 2502 insignita
382 2463 467 2490 non
519 2463 672 2490 novem
723 2463 817 2501 epp.
870 2451 943 2490 sed
992 2454 1085 2490 octo
1133 2451 1433 2490 intercedentia
1481 2450 1762 2489 inveniamus.

132 2514 255 2562 Quod
292 2528 439 2555 revera
477 2517 519 2555 in
558 2516 629 2555 lib.
662 2517 743 2555 VII
782 2517 849 2555 hic
886 2517 970 2556 illic
1008 2528 1090 2555 usu
1131 2517 1244 2555 venit
1282 2528 1363 2566 e.g.
1402 2514 1423 2554 λ
1461 2515 1511 2554 29
1549 2537 1602 2542 -
1635 2529 1666 2565 μ
1696 2515 1765 2562 38;

5 2596 9 2599 ’
80 2587 85 2614 ὲ
134 2578 223 2632 (σ)ο
259 2581 335 2620 271
375 2603 426 2609 -
466 2579 562 2631 (σ)π
600 2581 678 2620 280
716 2603 763 2608 -
807 2580 899 2631 (o)q
935 2581 1012 2621 289
1051 2581 1120 2631 (cf.
1153 2581 1428 2620 Stadtmiiller
1457 2592 1497 2630 p.
1528 2579 1668 2629 XIII).
1715 2580 1768 2619 Ut

131 2645 230 2686 talia
266 2646 511 2686 discrimina
549 2646 764 2696 tollerent,
806 2646 967 2686 librarii
1006 2647 1048 2685 in
1088 2646 1244 2686 talibus
1273 2646 1503 2686 decadibus
1534 2646 1598 2684 vel
1628 2645 1768 2694 potius

67 2718 94 2766 j
131 2710 394 2750 enneadibus
432 2722 568 2750 unum
596 2711 859 2762 epigramma
888 2711 931 2750 in
961 2711 1047 2750 duo
1075 2711 1326 2750 distraxisse
1356 2710 1554 2749 videntur
1586 2710 1666 2760 (ep.
1697 2710 1765 2757 31;

4 2789 5 2792 ¹
133 2774 229 2824 276;
267 2774 384 2826 287);
424 2787 687 2826 quamquam
723 2777 906 2815 concedo
936 2788 1074 2826 neque
1102 2788 1250 2815 omnes
1279 2776 1384 2815 tales
1413 2776 1764 2825 epigrammatum

59 2855 83 2886 ;-
132 2838 361 2880 divisiones
397 2841 512 2880 hunc
540 2841 583 2880 in
612 2842 786 2880 modum
816 2842 1015 2891 explicari
1045 2853 1170 2891 posse
1200 2853 1336 2890 neque
1364 2841 1490 2889 adeo,
1532 2840 1694 2878 etiamsi
1725 2840 1765 2877 in

4 2922 6 2957 ;
75 2938 82 2952 .,
133 2902 361 2945 decadibus
381 2906 540 2945 mutilis
558 2906 768 2957 legantur,
794 2907 990 2956 indicari,
1015 2907 1229 2956 quodnam
1251 2918 1302 2944 ex
1323 2906 1416 2944 libri
1440 2906 1544 2943 XIII
1560 2905 1766 2954 epigram-

4 2963 16 3003 ζ
75 2968 81 2987 ³
134 2969 258 3009 matis
286 2970 594 3020 sepulcralibus
618 2993 669 2999 -
693 2983 804 3021 quae
828 2973 930 3010 sunt
955 2971 1068 3010 haud
1094 2971 1226 3009 multa
1252 2992 1302 2997 —
1326 2970 1532 3008 excidisse
1558 2970 1762 3007 videatur.

75 3050 78 3051 ⁷
134 3032 275 3073 Unum
300 3036 440 3074 autem
466 3036 740 3086 probabiliter
762 3036 805 3074 in
832 3036 1121 3085 Cephalanum
1148 3036 1285 3073 locum
1314 3034 1476 3073 restitui
1503 3046 1627 3083 posse
1650 3035 1762 3082 puto.

2 3090 4 3094 ⁸
41 3091 75 3150 4¹
135 3096 267 3138 Decas
310 3099 552 3150 Cephalana
594 3100 665 3140 28⁸
702 3100 992 3150 complectitur
1030 3101 1196 3139 tantum
1234 3111 1327 3149 epp.
1367 3110 1518 3137 novem
1557 3098 1768 3137 272-280
