2072 3568
358 205 458 255 Cap.
499 200 553 243 11.
1149 200 1200 242 66

356 329 617 369 adiunctum.
666 327 770 368 Nam
814 339 1075 378 quamquam
1119 339 1143 367 a
1188 326 1419 367 Corinthiis
1462 325 1555 367 sine
1598 326 1769 368 nomine
1808 327 1996 370 auctoris

354 396 615 446 epigramma
660 396 941 445 propagatum
983 397 1070 443 est,
1118 393 1209 432 fieri
1249 395 1390 433 tamen
1429 404 1556 443 posse
1593 393 1780 434 vidimus
1817 392 1867 446 (fl
1894 394 1992 446 2⁰),

355 464 401 500 ut
432 473 577 500 revera
611 459 851 499 Simonides
880 471 1049 499 carmen
1080 458 1327 498 condiderit.
1377 459 1565 509 Utraque
1592 462 1734 499 autem
1764 470 1833 501 reo
1861 470 1995 500 rener-

356 526 494 566 vanda
524 529 587 565 est
615 525 734 564 alteri
766 525 894 564 huius
923 524 1290 563 commentationis
1320 524 1427 574 parti
1460 523 1531 573 (ci.
1566 523 1593 575 ξ
1626 523 1736 575 144).

409 590 434 640 ξ
465 591 530 630 34.
597 588 825 639 Qualibus
860 588 1069 629 fontibus
1109 587 1331 629 Colleotor
1364 600 1477 628 mma
1511 587 1588 628 ait.
1650 589 1792 629 Unum
1826 592 1994 631 tantum

355 656 571 695 vinculum
597 655 714 694 deest
737 655 780 694 in
803 655 974 694 testium
997 657 1308 704 auctorumque
1328 654 1648 705 epigrammatis
1673 654 1747 694 137
1767 656 1991 706 contextu,

353 733 478 771 quem
521 732 774 771 componere
815 723 995 759 conatus
1038 731 1148 759 sum.
1211 719 1326 759 Haec
1367 720 1479 759 enim
1523 721 1716 770 quaestio
1756 719 1994 761 dirimenda

354 789 505 837 restat,
547 787 763 826 undenam
803 786 1008 825 Collector
1046 785 1239 836 petiverit
1276 785 1598 836 epigrammatis
1635 786 1906 827 traditionem
1933 787 1990 837 A,

352 865 480 903 quam
519 855 637 892 textu
675 853 977 891 commutatam
1016 852 1058 890 in
1095 850 1296 902 Syllogen
1329 851 1618 891 Simonideam
1649 851 1865 902 reciperet.
1908 850 1993 898 Qui

352 919 448 958 fons
467 918 638 957 demum
660 917 836 957 indicari
858 917 1032 967 poterit,
1056 929 1151 956 cum
1174 917 1216 956 in
1238 917 1488 956 universum
1511 917 1766 967 viderimus,
1788 916 1991 968 qualibus

351 983 541 1022 fontibus
571 983 776 1023 Collector
805 982 865 1021 uti
896 982 1047 1021 solitus
1076 982 1143 1021 sit.

404 1049 490 1088 Viri
529 1048 662 1098 docti,
703 1048 778 1098 qui
815 1048 925 1087 hanc
962 1047 1254 1097 quaestionem
1292 1047 1549 1097 attigerunt,
1593 1047 1866 1088 Collectorem
1893 1058 1992 1088 cum

353 1115 577 1155 Polemone
615 1114 867 1153 Philochoro
906 1114 1082 1153 Cratero
1120 1113 1344 1164 periegetis
1382 1113 1476 1152 aliis
1505 1111 1842 1163 comparandum
1870 1115 1993 1164 puta·

352 1183 527 1231 verunt,
560 1180 632 1230 qui
663 1179 883 1219 Graeciam
914 1179 1241 1229 inscriptionum
1270 1179 1603 1230 colligendarum
1633 1189 1765 1218 causa
1792 1188 1992 1230 peragra-

350 1247 466 1286 bant.
499 1246 619 1292 Quae
646 1246 789 1295 opinio
818 1247 903 1285 tam
935 1245 1127 1296 vulgaris
1154 1247 1268 1294 erat,
1301 1247 1348 1284 ut
1372 1244 1530 1295 Preger
1550 1256 1602 1284 ex
1623 1256 1673 1284 ea
1693 1243 1991 1284 deducendum

350 1312 429 1350 sibi
464 1311 724 1351 existimaret
755 1311 956 1362 Syllogen
990 1310 1277 1350 Simonideam
1308 1310 1605 1350 concinnatam
1633 1321 1730 1350 esse
1759 1308 1993 1350 Simonidis

349 1377 613 1427 temporibus
650 1378 725 1416 aut
763 1376 882 1415 brevi
921 1378 1017 1426 post
1054 1378 1232 1415 mortem
1261 1376 1377 1425 eius,
1419 1375 1568 1425 utique
1595 1386 1692 1415 cum
1720 1375 1826 1426 quid
1854 1374 1992 1416 Simo·
2059 1387 2062 1389 ·

350 1442 462 1481 nidis
498 1445 609 1481 esset
646 1442 839 1492 dignosci
877 1444 1021 1491 posset
1049 1440 1118 1491 ⁴6).
1162 1441 1271 1480 Nam
1310 1452 1437 1491 aegre
1473 1452 1525 1480 ex
1553 1440 1791 1491 lapidibus,
1830 1440 1992 1492 quibua

350 1519 502 1547 nomen
539 1510 685 1558 poetae
721 1519 805 1546 non
834 1510 946 1546 esset
975 1507 1180 1557 incisum,
1220 1507 1551 1557 epigrammata,
1592 1508 1820 1557 postquam
1848 1509 1992 1547 aueto-

349 1574 453 1613 ritas
494 1573 586 1612 eius
629 1573 671 1612 in
713 1573 968 1612 oblivionem
1011 1573 1220 1623 venisset,
1266 1573 1459 1623 conquiri
1497 1571 1689 1623 potuisse
1724 1571 1986 1623 perhibebat.

348 1639 468 1685 Quae
495 1639 710 1678 conclusio
738 1641 824 1678 tam
855 1639 1035 1689 simplex
1062 1640 1148 1689 est,
1182 1640 1230 1678 ut
1254 1650 1339 1677 non
1365 1638 1532 1678 mireris
1550 1638 1678 1678 etiam
1698 1639 1796 1689 poet
1814 1637 1990 1679 Kaibeffi

350 1704 493 1755 (GGA.
528 1705 631 1744 1892
660 1717 700 1755 p.
729 1705 780 1744 96
810 1704 898 1754 sq.)
929 1704 1233 1743 Wilamowitzii
1265 1704 1446 1755 (Comm.
1480 1716 1521 1754 p.
1546 1703 1591 1754 5)
1621 1703 1803 1743 aliorum
1825 1714 1990 1755 oppug-

349 1770 541 1809 nationes
563 1770 795 1820 Pregerum
815 1781 908 1809 eam
930 1770 1106 1809 missam
1127 1770 1266 1809 facere
1287 1769 1476 1808 noluisse
1497 1769 1551 1819 (N
1556 1769 1671 1808 PhR.
1692 1768 1797 1809 1897
1810 1780 1852 1819 p.
1873 1767 1985 1820 18⁰).

348 1835 440 1873 Non
470 1837 611 1874 autem
641 1835 748 1874 falsa
777 1837 868 1874 erat
896 1835 1133 1884 conclusio,
1167 1834 1242 1874 sed
1267 1835 1617 1884 fundamentum,
1649 1845 1737 1884 quo
1756 1833 1985 1874 nitebatur.

347 1900 419 1938 Vel
456 1911 532 1950 eo,
579 1900 693 1949 quod
733 1900 843 1939 inter
883 1899 1126 1939 Simonidea
1164 1900 1363 1939 feruntur
1400 1901 1461 1938 tot
1497 1899 1833 1951 epigrammata,
1877 1910 1991 1951 quae

348 1977 583 2015 numquam
621 1965 749 2015 lapidi
788 1965 992 2014 inscripta
1030 1964 1165 2003 fuisse
1202 1965 1421 2022 videntur,
1466 1964 1788 2005 demonstratur
1815 1964 1995 2016 Preger-i
2069 1966 2072 2007 j

347 2031 599 2070 sententiam
639 2031 888 2071 reiciendam
927 2042 1034 2070 esse.
1082 2031 1224 2070 Unum
1263 2030 1526 2081 epigramma
1557 2029 1698 2081 (138),
1739 2030 1856 2080 quod
1883 2029 1987 2070 eele-
2047 2051 2051 2053 -

347 2097 531 2136 berrimo
558 2096 818 2136 Graecorum
847 2096 1039 2135 omnium
1067 2095 1121 2135 de
1150 2096 1292 2135 Persis
1320 2096 1499 2135 donario
1525 2095 1724 2145 Delphico
1748 2094 1987 2136 Pausanias
2067 2126 2072 2150 3

347 2163 568 2213 privatim,
601 2175 686 2212 qua
715 2166 805 2202 erat
835 2162 1059 2212 superbia,
1092 2162 1267 2201 inscribi
1297 2162 1502 2211 iusserat,
1534 2161 1710 2200 omnino
1729 2171 1814 2201 non
1834 2161 1879 2200 in
1898 2171 1986 2200 ere-
2064 2170 2072 2207 j

346 2228 488 2278 pidine
515 2228 654 2279 legere
683 2228 818 2277 potuit
848 2228 1072 2275 Collector;
1105 2239 1204 2267 nam
1234 2225 1279 2266 τὸ
1306 2225 1386 2278 μὲν
1409 2224 1486 2266 οὖν
1510 2225 1687 2278 ἐλεγεῖον
1710 2225 1752 2266 οἱ
1775 2223 1985 2266 Amam-
2069 2260 2072 2280 3

344 2291 482 2344 μόνιοι
512 2291 778 2345 ἐξεκόλαψαν
806 2291 936 2337 εὐθὺς
964 2291 1054 2332 τότε
1082 2291 1168 2332 ἀπὸ
1197 2295 1270 2332 τοῦ
1298 2291 1496 2344 τρίποδος
1524 2294 1646 2332 τοῦτο
1673 2292 1807 2332 Thue.
1830 2291 1866 2332 I.
1892 2290 1981 2331 182.

347 2359 426 2397 His
463 2371 635 2408 quoque
671 2359 797 2398 annis
837 2358 979 2409 (1894)
1010 2371 1034 2398 a
1066 2358 1356 2409 Francogallis
1388 2358 1561 2408 Delphis
1588 2357 1749 2397 effossa
1774 2359 1841 2397 est
1867 2356 1986 2397 basis

344 2424 532 2474 donarii,
579 2425 692 2474 quod
738 2426 833 2474 post
879 2436 1069 2474 pugnam
1119 2424 1388 2463 Himeraeam
1427 2423 1530 2463 Gelo
1570 2423 1770 2473 Delphico
1802 2421 1986 2473 Apollixii
2059 2423 2072 2454 ⁴-

343 2490 575 2539 dedicavit,
617 2490 659 2528 in
697 2502 783 2539 qua
820 2492 961 2529 tamen
1001 2501 1085 2528 non
1123 2490 1279 2540 legitur
1315 2489 1577 2539 epigramma
1615 2488 1687 2527 141
1721 2486 1856 2539 (quod
1882 2497 1984 2527 ano-

346 2566 522 2605 nymum
552 2555 595 2593 in
625 2556 733 2594 trad.
766 2555 801 2594 A
828 2555 1045 2594 invenitur
1073 2555 1116 2593 in
1140 2554 1279 2594 Schol.
1301 2554 1422 2593 Pind.
1444 2554 1489 2592 P.
1510 2554 1543 2592 I.
1566 2554 1655 2603 155,
1691 2552 1984 2593 Simonideam

344 2620 386 2658 in
416 2620 525 2658 trad.
561 2619 590 2658 S
620 2620 702 2658 ΑΡ.
730 2620 800 2658 VI.
833 2620 933 2669 214,
966 2620 1019 2658 ci.
1055 2618 1114 2671 ἐξ
1147 2619 1219 2668 76,
1255 2619 1343 2668 101,
1379 2618 1476 2668 138,
1512 2618 1630 2668 139),
1662 2618 1740 2658 sed
1762 2617 1988 2668 inscriptio

345 2696 471 2735 prosa
508 2685 699 2724 oratione
732 2685 934 2724 confecta.
981 2685 1143 2724 Iniuria
1174 2685 1253 2723 viri
1282 2684 1392 2723 docti
1423 2684 1696 2724 Collectorem
1725 2682 1981 2734 periegetnm

344 2750 477 2789 fuisse
513 2750 796 2789 crediderunt.
841 2750 1081 2800 Periegetae
1115 2750 1228 2789 enim
1264 2749 1583 2799 inscriptiones,
1616 2758 1912 2799 quaecumque
1937 2748 1981 2787 in

344 2828 498 2855 manus
524 2819 750 2865 venerant,
779 2815 821 2854 in
842 2816 1125 2855 collectionem
1147 2826 1270 2854 suam
1293 2814 1562 2864 recipiebant.
1596 2813 1820 2853 Contraria
1839 2814 1981 2852 autem

344 2882 450 2921 ratio
483 2881 752 2921 observanda
787 2884 900 2932 erat,
939 2882 974 2920 si
1003 2881 1101 2931 quis
1129 2881 1265 2920 certi
1295 2882 1488 2930 poetae
1514 2880 1870 2930 epigrammatum
1899 2877 1981 2928 eol*

343 2948 560 2987 lectionem
598 2947 808 2987 adornare
845 2947 1052 2998 cupiebat.
1115 2947 1160 2986 Is
1199 2958 1283 2985 non
1312 2948 1442 2985 totam
1471 2945 1691 2985 Graeciam
1721 2935 1980 2994 perscrutari

387 3085 430 3114 θ’»)
478 3085 529 3117 Cf.
554 3086 661 3117 etiam
689 3085 798 3118 ilillei·
822 3096 852 3127 μ,
876 3085 943 3117 ⁸245
967 3095 999 3117 n.
1023 3084 1076 3117 33.

2046 2599 2072 2863 ἶ

2052 3012 2072 3066 «ἓ.

2050 3345 2072 3568 Ξ
