2072 3568
365 211 466 261 Cap.
501 207 567 250 111
581 241 591 260 ,
627 208 688 250 19.
1149 205 1225 248 160

368 338 405 376 1¹·
423 368 432 386 ,
483 336 536 375 ad
583 348 712 386 quam
758 334 1052 386 explicandam
1100 335 1142 373 in
1191 334 1443 374 lacunarum
1489 333 1695 374 rationem
1738 332 2007 375 instituimus
2056 321 2072 406 Ξ

364 400 705 452 inquisitionem?
738 401 902 440 Scilicet
931 400 1111 439 alicuius
1138 399 1459 449 epigrammatis
1489 399 1881 450 Anacreontis,
1913 409 2007 440 ver-
2062 410 2072 456 ξ.

364 479 512 507 samur
547 468 659 506 enim
697 467 738 506 in
770 467 878 505 serie
906 467 1299 505 Anacreontea.
1347 465 1481 504 Estne
1509 465 1620 504 inter
1646 476 1742 516 epp.
1773 463 1870 504 libri
1899 462 2007 505 xm
2066 462 2072 489 '⁴

364 545 428 583 ep.
458 530 919 572 Anacreonteum?
957 531 1034 569 Est
1063 530 1191 580 idque
1220 530 1350 569 unius
1378 529 1545 570 distichi
1578 529 1650 580 (ct.
1679 539 1822 580 supra·
1840 540 1881 580 p.
1909 527 2006 581 158)
2062 525 2072 584 Ξ

368 599 486 637 ΧΙΙΙ.
521 599 565 637 4;
2060 589 2072 619 '⁹³

573 660 784 713 Ἀλκίμων
812 660 866 705 σ’,
896 659 935 700 ὦ
957 659 1255 712 ’ριστοκλείόη,
1283 662 1456 712 πρῶτον
1484 659 1656 712 οἰκτίρω
1683 657 1847 712 φίλων·

578 726 740 770 ὤλεσας
770 725 808 765 δ’
835 725 962 779 ἥβην,
991 725 1171 777 ἀμύνων
1198 724 1399 777 πατρίόος
1427 724 1642 778 ὸουληΐην.
2065 771 2072 776 ⁴,

366 792 630 845 »sepulcrale
667 804 771 832 sane
806 795 870 832 est
909 804 1079 831 carmen
1097 822 1107 841 ,
1154 791 1228 830 sed
1266 792 1370 842 quin
1411 792 1454 830 in
1493 791 1602 830 serie
1638 791 1927 831 Anacreonte·
1962 789 2007 830 in
2069 791 2072 839 ξ

365 860 473 898 libro
510 859 752 908 ceteroquin
782 859 1138 908 epigrammatum
1168 858 1469 896 donativorum
1500 857 1653 896 lectum
1683 855 1762 906 sit,
1802 866 1888 895 non
1916 856 2006 907 eut,
2057 857 2072 889 ’ῗ

365 925 479 975 quod
522 924 795 972 dubitemus;
840 923 1117 963 conferantur
1158 934 1253 973 epp.
1297 920 1590 962 dedicatoria
1633 921 1857 962 Laertiaua
1897 920 2010 960 inter
2064 928 2072 963 “.

364 990 670 1040 epigrammata
711 989 933 1028 Laertiana
972 988 1014 1026 in
1053 987 1162 1027 libro
1191 987 1270 1026 VII
1310 987 1381 1037 (cl.
1414 986 1440 1038 ἓ
1472 986 1522 1026 73
1552 998 1593 1026 n.
1624 985 1710 1037 74),
1740 997 1808 1037 ep.
1829 985 1903 1026 vl.
1928 984 2010 1027 848
2063 1024 2072 1046 Ξ,

365 1055 479 1105 quod
523 1055 632 1094 inter
675 1054 927 1104 sepulcralia
970 1056 1239 1103 expectares,
1285 1053 1470 1102 denique
1506 1063 1618 1102 quae
1654 1051 1767 1092 infra
1802 1051 1858 1091 de
1890 1050 2006 1102 Ioco,
2066 1045 2072 1090 ἒ

366 1132 491 1170 quem
536 1120 734 1170 primitus
777 1120 818 1158 in
859 1119 968 1158 serie
1006 1120 1294 1158 Anacreontea
1332 1129 1566 1168 occupasse
1604 1117 1772 1157 videtur
1807 1116 1890 1157 hoo
1922 1115 2009 1168 epi-

366 1197 582 1235 gramma,
615 1185 831 1235 disputata
862 1187 975 1223 sunt.
2060 1202 2072 1218 ,2

419 1251 629 1296 Quoniam
673 1253 814 1290 autem
854 1250 1040 1289 vidimus
1079 1261 1210 1300 supra
1250 1261 1290 1299 p.
1327 1249 1402 1288 152
1439 1248 1631 1288 ordinem
1670 1248 2008 1289 Anacreonteum
2061 1244 2072 1269 ”¹

367 1316 602 1355 secundum
632 1315 823 1354 ordinem
852 1315 1073 1354 litteralem
1103 1315 1316 1365 digestum
1345 1325 1440 1352 esse
1467 1324 1652 1363 eumque
1678 1313 1804 1354 unice
1830 1322 2008 1363 perrup-

366 1385 456 1421 tum
494 1392 589 1420 esse
625 1392 650 1420 a
688 1381 900 1430 Meleagro
932 1380 1238 1430 epigrammate
1267 1380 1337 1418 VI.
1369 1379 1466 1428 143,
1508 1382 1555 1418 ut
1582 1377 1879 1430 epigrammati
1907 1377 2010 1418 Ιοῦ-
2066 1409 2072 1416 ⁴

366 1447 495 1486 cratis
537 1448 720 1495 utroque
761 1446 851 1484 Ioco
894 1444 983 1495 (VI.
1029 1445 1103 1484 144
1146 1448 1186 1484 et
1228 1445 1300 1483 VI.
1335 1443 1453 1495 213⁸)
1492 1444 1756 1495 epigramma
1791 1442 2012 1484 consimile

368 1511 674 1562 praemitteret,
717 1511 807 1550 fieri
848 1522 934 1549 non
973 1512 1132 1560 potest,
1175 1512 1222 1549 ut
1259 1511 1597 1549 Anacreonteum
1634 1520 1700 1560 ep.
1733 1508 1855 1548 1111.
1884 1507 1910 1548 4
1937 1506 2011 1547 illo

367 1578 457 1617 loco
496 1578 538 1616 in
579 1576 821 1627 Cephalana
857 1576 1109 1626 Anthologia
1147 1576 1301 1615 lectum
1340 1575 1417 1624 sit,
1459 1586 1546 1625 quo
1583 1585 1700 1614 nunc
1734 1574 1780 1614 in
1817 1572 2009 1614 Palatina
2058 1591 2072 1634 Ξ

368 1644 518 1682 lacuna
565 1643 795 1682 invenitur.
855 1642 1036 1681 Necesse
1078 1644 1141 1680 est
1183 1641 1445 1691 epigramma
1489 1637 1774 1691 (Ἀλκίμων)
1814 1637 2009 1679 ordinem
2060 1638 2072 1692 ἐξ

367 1709 678 1759 alphabeticum
717 1707 955 1757 aperuisse;
995 1707 1140 1756 itaque
1177 1706 1292 1756 apud
1332 1706 1593 1755 Meleagrum
1622 1707 1753 1755 atque
1778 1703 2008 1755 cephalam

366 1775 586 1824 legebatur
613 1776 712 1813 ante
739 1785 804 1823 ep.
834 1773 904 1812 VI.
938 1772 1010 1811 134
1045 1771 1195 1823 (igitur
1223 1772 1273 1811 24
1306 1771 1504 1810 versibus
1532 1772 1632 1810 ante
1657 1768 1897 1821 lacunam),
1933 1767 2011 1809 nu
2058 1763 2072 1808 ³!

367 1841 408 1879 id
447 1840 604 1890 optime
641 1851 687 1878 se
723 1838 928 1878 habuisse
965 1839 1060 1887 post
1099 1837 1334 1876 Archilochi
1372 1849 1438 1886 ep.
1471 1836 1542 1875 VI.
1583 1835 1680 1886 133,
1722 1834 1839 1886 quod
1870 1835 1937 1874 est
1962 1834 2009 1875 in
2065 1851 2072 1873 s

370 1906 509 1944 velum
539 1904 695 1943 Iunoni
722 1903 963 1943 dedicatum
991 1903 1046 1942 ab
1076 1902 1291 1952 Alcibia,
1330 1902 1473 1951 quivis
1502 1901 1629 1941 videt.
2061 1903 2072 1962 ‚j

423 1972 482 2009 De
509 1971 588 2009 hae
616 1969 901 2019 discrepantia
929 1969 1039 2007 inter
1068 1969 1204 2007 locum
1235 1968 1413 2007 lacunae
1441 1968 1484 2006 in
1513 1966 1641 2006 anth.
1667 1966 1755 2005 Pal.
1777 1967 1820 2006 et
1841 1965 2006 2015 locum,

368 2048 494 2086 quem
531 2048 597 2086 ep.
633 2036 841 2075 omissum
878 2035 921 2073 in
960 2034 1086 2073 Anth.
1124 2033 1255 2084 Ceph.
1291 2043 1526 2083 occupasse
1562 2031 1751 2082 videtur,
1796 2042 1882 2071 non
1917 2031 2007 2081 est,
2063 2031 2072 2085 ἑ

368 2102 482 2152 quod
512 2102 729 2140 miremur.
762 2100 913 2139 Nonne
935 2100 1020 2139 iam
1046 2100 1232 2138 vidimus
1255 2099 1349 2138 fieri
1374 2110 1458 2137 non
1484 2109 1633 2148 posse,
1665 2099 1715 2137 ut
1736 2108 1803 2148 ep.
1826 2095 2009 2148 Philippi
2060 2091 2072 2159 Ξ

370 2168 489 2206 XIII.
530 2167 548 2205 1
591 2166 675 2217 (vel
714 2166 819 2205 adeo
857 2165 1041 2215 quodvis
1075 2163 1358 2215 epigramma)
1388 2163 1589 2203 exciderit
1616 2163 1728 2202 inter
1754 2162 1942 2213 primum
1966 2161 2011 2200 et
2040 2175 2072 2211 ᾗ

369 2232 603 2270 seeundum
639 2231 849 2270 distichon
878 2230 1199 2281 epigrammatis
1227 2230 1275 2268 V.
1303 2230 1342 2268 4.
1390 2229 1527 2267 Immo
1555 2228 1599 2267 in
1629 2227 1873 2279 Cephalan-
1900 2226 2011 2278 lego-
2058 2212 2072 2276 ξ

368 2298 496 2336 batur
523 2309 588 2347 ep.
618 2297 721 2336 illud
750 2299 876 2336 ante
902 2308 966 2346 ep.
992 2296 1039 2334 V.
1068 2297 1116 2345 4,
1151 2296 1168 2334 1
1205 2294 1354 2346 (igitur
1382 2294 1407 2333 2
1436 2293 1635 2333 versibus
1662 2295 1762 2332 ante
1783 2287 2007 2342 spadum),
2056 2283 2072 2353 Ξ

370 2366 464 2413 post
502 2362 698 2401 ultimum
737 2373 909 2401 versum
945 2373 1010 2411 ep.
1035 2362 1084 2400 V.
1112 2361 1159 2410 3,
1202 2361 1269 2399 cui
1298 2360 1513 2410 epitheton
1544 2359 1718 2398 Veneris
1745 2368 1844 2398 cum
1871 2355 2011 2408 primo
2033 2364 2038 2369 ¹
2062 2359 2072 2410 ᾗ

371 2439 497 2466 versu
539 2439 604 2477 ep.
648 2428 767 2466 XIII.
812 2427 830 2466 1
875 2437 1101 2466 commune
1140 2428 1217 2465 est.
1265 2425 1411 2474 Neque
1453 2425 1537 2463 iam
1580 2422 1801 2474 probabile
1837 2424 1904 2462 est
1937 2431 2007 2472 ep.
2058 2407 2072 2475 Ξ

371 2493 615 2532 Callimachi
654 2493 773 2531 XIII.
814 2492 836 2531 7
874 2492 1029 2531 lectum
1066 2502 1163 2530 esse
1198 2491 1309 2529 inter
1344 2501 1439 2540 epp.
1480 2489 1555 2528 125
1591 2491 1633 2527 et
1663 2487 1832 2539 126011
1859 2485 2012 2526 medi&
2053 2479 2072 2537 ἓ

369 2557 687 2606 epigrammatis
724 2558 766 2596 in
806 2558 976 2607 clypeos
1013 2555 1272 2606 dedicatos),
1314 2555 1389 2594 sed
1429 2556 1525 2604 post
1564 2553 1790 2604 gemellum
1827 2551 1899 2592 vl.
1932 2550 2007 2592 121

373 2622 521 2671 (igitur
550 2623 746 2661 versibus
778 2622 826 2661 18
855 2624 954 2661 ante
982 2620 1216 2669 lacunam).

424 2686 505 2731 Qui
530 2686 608 2725 hoc
628 2687 984 2737 epigrammatum
1009 2688 1348 2736 lacunarumque
1372 2685 1599 2725 discrimen
1622 2682 1824 2734 explicari
1845 2679 2009 2733 potest?
2048 2673 2059 2699 s

374 2751 443 2790 Sic
471 2752 634 2801 opinor.
668 2752 775 2791 Cum
806 2753 931 2791 Anth.
961 2752 1226 2801 Cephalaua,
1259 2751 1430 2789 omissis
1454 2751 1497 2789 in
1522 2750 1880 2800 epigrammatum
1900 2745 2012 2787 serie

370 2817 421 2854 iis
458 2817 797 2867 epigrammatis,
839 2829 949 2866 quae
977 2817 1020 2855 in
1050 2817 1192 2855 codice
1220 2816 1410 2854 subiecto
1439 2815 1613 2854 inducta
1642 2816 1765 2853 erant
1791 2811 2009 2863 utpotein
2050 2792 2072 2893 Ξ

371 2881 570 2930 peculiari
608 2882 769 2932 sylloge
796 2883 1050 2932 composita,
1093 2882 1278 2931 primum
1307 2880 1643 2927 describeretur,
1684 2878 1888 2918 librarius
1914 2874 2008 2916 ab

370 2946 561 2984 exaravit
589 2947 630 2984 in
661 2947 823 2997 codice,
856 2948 929 2996 qui
959 2947 1142 2997 singulis
1172 2946 1339 2996 paginis
1367 2948 1428 2984 tot
1452 2944 1694 2984 continebat
1717 2943 1875 2992 lineas,
1904 2934 2011 2992 quot
2057 2935 2072 2997 Ξ

371 3011 501 3048 codex
530 3011 597 3049 ille
625 3012 855 3051 subiectus.
908 3012 1128 3051 Librarius
1157 3012 1287 3061 igitur
1316 3011 1385 3049 ille
1412 3010 1528 3049 haud
1557 3010 1649 3048 leve
1675 3009 1881 3048 auxilium
1909 3006 2011 3046 inde
2061 3000 2072 3048 Ξ

373 3086 419 3113 se
442 3079 740 3125 percepturum
766 3080 885 3115 ratus
898 3107 908 3126 ,
938 3078 974 3115 si
995 3088 1212 3127 quamque
1230 3076 1431 3126 paginam
1451 3075 1596 3114 eodem
1616 3075 1833 3113 incoharet
1853 3082 2005 3122 versu,

2052 3161 2053 3165 ’
2058 3159 2072 3185 li
