2072 3568
375 203 475 252 cap.
512 201 601 251 111,
639 202 709 252 19,
740 202 805 242 20.
1028 176 1033 181 ⁴
1158 202 1231 243 184

372 339 466 366 esse
496 327 706 377 videntur,
739 339 834 367 cum
866 328 906 367 in
939 328 1105 367 Corona
1130 328 1373 379 legerentur
1397 329 1605 381 dispersa.
1638 331 1866 383 conventu,
1896 332 2013 384 quod
2067 376 2072 387 4

373 393 524 431 horum
554 393 859 444 epigrammata
889 396 1143 443 argumenta
1171 393 1318 433 eadem
1348 397 1451 434 sunt
1479 397 1608 445 atque
1631 395 2010 450 epigrammatum,
2069 422 2072 453 5

372 469 421 495 ex
461 457 619 507 quibus
656 458 799 507 magni
838 458 1064 508 fragmenti
1104 458 1356 510 Meleagrei,
1397 459 1513 509 quod
1542 461 1716 501 nostrae
1741 460 1865 502 seriei
1892 472 2013 514 prae·

372 522 501 572 cedit,
543 522 673 562 altera
713 534 814 573 pars
851 523 1084 573 composita
1122 526 1186 563 est
1226 523 1303 574 (sc.
1343 523 1384 563 in
1425 524 1661 577 naufragos
1696 527 1739 566 et
1773 525 1819 567 in
1856 536 2014 579 puero·
2066 523 2072 547 ’ἶ

373 588 620 637 puellasque
662 591 933 638 praematura
977 591 1112 628 morte
1152 588 1439 639 absumptos).
1485 590 1763 642 Epigramma
1789 590 1869 632 512
1894 591 2013 644 apud

373 652 630 702 Meleagrum
657 653 771 692 haud
798 665 954 703 magno
977 653 1200 693 intervallo
1224 654 1483 705 diremptum
1507 655 1662 696 lectum
1687 655 1823 697 luisse
1845 656 2014 698 videtur
2070 678 2072 694 :

372 718 426 757 ab
477 730 541 769 ep.
585 717 683 759 VII.
733 719 840 767 442;
892 720 1155 770 epitaphium
1207 720 1446 761 Pausaniae
1497 720 1646 761 medici
1696 721 1880 765 romae
1927 721 2013 763 iam

371 784 485 834 apud
528 795 624 823 eum
668 785 928 834 sequebatur
969 797 1033 836 ep.
1081 785 1123 824 in
1167 797 1347 836 puerum
1391 785 1657 837 Gorgippum
1698 789 1799 828 ante
1838 787 2014 840 nuptias

373 852 587 888 mortuum
618 850 695 889 507
725 850 774 900 b,
817 850 917 900 quia
947 851 989 890 in
1021 853 1204 901 utroque
1231 851 1283 891 de
1313 850 1536 892 thalamis
1564 852 1846 904 Prooerpime
1870 863 2014 894 sermo

370 917 456 964 est,
489 937 541 943 —
569 927 679 965 quae
707 916 862 955 locutio
890 916 933 955 in
958 917 1038 956 hoc
1060 929 1125 967 ep.
1150 928 1255 956 sane
1277 917 1434 967 optime
1458 929 1505 957 se
1528 917 1676 968 habet,
1707 909 1751 958 in
1774 917 1847 959 ino
1869 920 2012 959 autem

373 992 573 1030 perversa
611 983 675 1020 cst
714 980 782 1031 (ex
821 983 930 1021 trad.
968 982 1002 1021 A
1037 984 1130 1022 orta
1173 980 1448 1035 Φερσεφόνης
1475 980 1714 1034 Mamm,
1754 982 1810 1024 σί.
1838 981 1866 1036 5
1896 982 2009 1035 lae).

372 1045 422 1083 In
470 1046 789 1096 epigrammatis
839 1047 1094 1087 Simonideis
1140 1060 1191 1087 ex
1236 1049 1315 1088 hac
1357 1048 1550 1088 Coronae
1592 1048 1855 1101 Meleagrum
1891 1050 2015 1101 parte

371 1112 673 1161 conquirendis
693 1124 828 1151 unum
850 1115 1015 1152 tantum
1038 1114 1222 1164 neglexit
1238 1114 1449 1165 Cephalas
1462 1112 1562 1154 VII.
1577 1113 1669 1154 496.
1700 1114 1825 1162 Quod
1839 1116 2014 1156 nostrae

372 1177 492 1215 seriei
531 1178 837 1227 epigrammata
875 1190 925 1218 ex
968 1178 1139 1229 Sylloge
1178 1191 1263 1218 non
1303 1191 1390 1219 uno
1426 1179 1576 1219 ordine
1611 1181 1847 1232 propagata
1883 1181 2008 1232 nunt,

371 1242 411 1280 id
460 1246 675 1292 praeterea
723 1243 1043 1283 demonstratur
1089 1244 1211 1283 titulo
1251 1245 1572 1295 epigrammatis
1613 1245 1691 1285 514
1732 1242 2009 1297 Σιμωνίδου,

371 1319 496 1356 quem
539 1320 590 1346 ex
634 1309 755 1347 titulo
795 1307 1101 1361 [Ἀντιπάτρου]
1143 1307 1420 1350 Σιδωνίου
1463 1322 1686 1361 perperam
1727 1310 1835 1352 lecto
1867 1312 2011 1352 ortum

370 1384 464 1411 esse
492 1375 653 1412 certum
684 1374 785 1412 mihi
814 1377 879 1413 est
912 1374 1022 1425 (coil.
1050 1387 1115 1424 ep.
1141 1373 1240 1415 VII.
1269 1375 1370 1426 303,
1406 1376 1490 1415 vid.
1514 1376 1585 1416 alt.
1610 1376 1651 1415 h.
1670 1388 1707 1416 c.
1726 1374 1805 1427 p.).
1839 1375 2013 1417 Prader

370 1449 464 1487 epp.
502 1439 581 1477 508
618 1441 746 1488 atque
783 1439 860 1478 512
889 1442 929 1478 et
958 1440 1036 1479 516
1068 1439 1140 1490 (de
1166 1452 1253 1490 quo
1283 1441 1367 1480 vid.
1398 1439 1425 1492 ξ
1459 1439 1553 1490 104)
1583 1441 1740 1481 horum
1766 1441 1900 1493 igitur
1924 1441 2011 1493 qii-

371 1507 657 1553 grammatum
695 1505 804 1543 tituli
846 1505 1077 1544 Simonidei
1110 1506 1257 1546 eadem
1288 1518 1438 1546 norma
1465 1506 1726 1547 diiudicandi
1752 1508 1857 1547 sunt
1882 1508 2014 1558 atque

371 1580 517 1607 eorum
565 1570 947 1620 epigrammatum,
998 1583 1109 1620 quae
1150 1571 1192 1610 in
1236 1572 1488 1622 fragmentis
1530 1572 1778 1623 Meleagreis
1815 1571 2012 1624 dispersa

371 1634 585 1684 leguntur.
638 1636 772 1674 Error
801 1637 980 1675 subesse
1008 1639 1146 1687 potest
1174 1637 1374 1688 Meleagri
1402 1638 1676 1677 librariorum
1704 1637 1928 1689 Cephalus.

428 1699 453 1750 ἓ
488 1700 576 1740 103.
638 1700 706 1741 De
748 1700 1097 1742 imitationibus
1134 1701 1421 1743 Simonideis
1456 1701 1736 1743 Mna-salvae.
1795 1703 1857 1744 De
1891 1703 2012 1750 Ena-

372 1764 531 1814 salcae,
564 1778 690 1815 quem
720 1769 767 1805 ut
796 1767 1048 1806 imitatorem
1081 1768 1314 1807 Simonidis
1342 1768 1528 1808 ludibrio
1551 1768 1702 1808 habuit
1721 1767 2012 1810 Theudoridae

371 1830 452 1868 ΑΡ.
495 1829 618 1870 XIII.
661 1832 734 1881 21,
781 1833 1028 1871 imitationis
1067 1834 1251 1883 ratione,
1297 1846 1393 1873 cum
1432 1835 1675 1874 accuratius
1710 1834 2011 1886 disputaturus

372 1895 450 1933 sim
480 1895 522 1934 in
551 1908 599 1935 ea
629 1896 758 1936 huius
788 1898 937 1947 capitis
967 1901 1108 1948 parte,
1142 1899 1184 1937 in
1209 1900 1360 1949 quain
1383 1900 1633 1939 universum
1654 1900 2010 1952 epigrammatum

374 1960 716 2001 Simonideorum
763 1963 940 2003 imitatio
986 1964 1238 2004 tractabitur
1286 1963 1333 2016 (ξ
1384 1963 1636 2015 124—130),
1686 1977 1805 2006 nune
1842 1966 2010 2007 tantm

373 2025 439 2075 (ut
478 2026 504 2077 ἓ
544 2027 595 2066 98
625 2027 664 2078 c)
704 2028 818 2067 illius
855 2029 1157 2079 disputationis
1194 2042 1406 2069 summam
1439 2030 1627 2071 indicare
1655 2042 1828 2071 necesse
1853 2029 2009 2071 habeo:

372 2091 630 2131 Mnasalcam
673 2093 1029 2144 epigrammatum
1071 2094 1340 2134 Simonideae
1380 2096 1574 2147 Sylloges
1611 2096 1845 2136 sententias
1880 2106 2010 2137 suum

371 2157 413 2195 in
457 2169 583 2196 usum
627 2159 909 2210 convertisse,
955 2161 1210 2200 imitationes
1252 2163 1393 2200 autem
1437 2162 1530 2200 eius
1567 2173 1654 2201 una
1690 2162 1865 2212 excepta
1903 2159 2006 2213 (ΔΡ.

372 2220 469 2261 VII.
494 2222 590 2271 242)
621 2223 675 2262 ad
703 2236 834 2263 unam
863 2237 1012 2264 omnes
1041 2226 1084 2265 in
1113 2226 1340 2266 traditione
1364 2227 1597 2276 posteriore
1621 2237 1776 2267 rursus
1801 2226 2011 2269 Simonidi

372 2287 607 2327 vindicatas
649 2301 743 2328 esse
784 2302 832 2329 ea
871 2291 963 2340 ipsa
1001 2291 1054 2330 de
1089 2303 1242 2342 causa,
1288 2292 1404 2341 quod
1444 2291 1713 2332 Simonideae
1745 2294 1890 2333 essent
1926 2291 2006 2344 (se.

370 2364 464 2402 epp.
497 2353 656 2393 Simon.
689 2343 785 2404 14'3,
818 2355 892 2404 95,
930 2356 1138 2405 103,106
1168 2374 1220 2389 =
1248 2357 1331 2396 ΑΡ.
1354 2356 1429 2397 VI.
1453 2357 1498 2406 2,
1523 2356 1622 2397 VII.
1646 2357 1744 2408 301,
1765 2357 1867 2408 442,
1886 2355 2008 2409 448);

371 2417 412 2455 in
452 2418 518 2456 his
556 2420 746 2469 quinque
782 2421 1100 2471 epigrammatis
1137 2423 1288 2472 respici
1317 2422 1420 2462 mihi
1450 2423 1582 2462 videri
1610 2425 1653 2462 et
1679 2422 1763 2463 alia
1788 2433 1885 2474 opp.
1914 2421 2009 2475 Syl·

370 2482 487 2532 loges
518 2483 785 2524 Simonideae
811 2489 851 2524 et
880 2486 1004 2536 haec,
1037 2499 1149 2536 quae
1175 2488 1224 2527 in.
1248 2487 1331 2527 ΑΡ.
1360 2488 1578 2538 legantur:
1607 2485 2004 2539 ep.92(vn.249)‚
2023 2492 2039 2509 ³

371 2559 463 2597 epp.
493 2550 668 2598 gemella
697 2550 748 2589 99
776 2554 816 2590 et
849 2552 923 2590 100
954 2551 1072 2601 (VII.
1100 2553 1201 2603 251,
1235 2553 1354 2603 253),
1386 2565 1451 2603 ep.
1476 2553 1551 2593 105
1582 2551 1701 2604 (VII.
1720 2550 1840 2604 258),
1870 2551 2011 2604 01).OE
2067 2563 2072 2597 ζ

374 2611 491 2661 (VII.
521 2614 638 2663 347),
678 2627 743 2665 ep.
776 2617 849 2655 102
890 2616 1008 2666 (VII.
1038 2618 1157 2667 512),
1198 2630 1264 2668 ep.
1294 2619 1345 2658 94
1385 2617 1503 2668 (VII.
1534 2618 1625 2668 677,
1667 2618 1720 2658 ci.
1750 2616 1778 2670 5
1807 2617 1932 2668 99,12
1965 2619 2010 2658 et
2049 2633 2070 2641 ²

375 2675 400 2727 ἓ
431 2677 481 2716 97
511 2690 552 2717 n.
584 2679 699 2729 148),
742 2692 807 2730 ep.
841 2682 915 2720 112
947 2681 1089 2732 (ΧΙΙΙ.
1118 2682 1204 2733 26).

426 2742 576 2792 Itaque
611 2756 663 2783 ex
702 2746 939 2786 Mnasalcca
979 2748 1212 2787 imitatione
1246 2760 1362 2788 nunc
1393 2748 1591 2799 Syllogae
1621 2747 1891 2789 Simonidem
1915 2747 2008 2788 vin·

371 2807 512 2846 dicare
540 2821 771 2858 possumus
800 2822 864 2861 ep.
890 2811 988 2851 VII.
1017 2813 1095 2852 512
1126 2813 1197 2863 (cf.
1229 2813 1255 2864 ἓ
1289 2813 1382 2864 102)
1412 2817 1453 2853 et
1482 2812 1606 2854 XIII.
1635 2814 1710 2864 26,
1742 2814 1880 2854 oeten
1906 2824 2004 2902 epp·
2061 2862 2062 2865 Ἴ

370 2873 481 2911 enim
511 2886 562 2912 ex
591 2876 740 2914 ceteris
768 2876 934 2916 indiciis
962 2878 998 2916 ei
1027 2879 1251 2928 assignare
1279 2880 1363 2918 iam
1392 2879 1624 2929 potuimus.

427 2936 453 2987 ,ὃ
487 2938 574 2977 104.
635 2939 761 2988 Quid
789 2941 845 2980 de
870 2941 1182 2994 Antkoloyiae
1206 2942 1453 2984 Palatinae
1481 2942 1836 2995 epiyrammaeztis
1858 2940 2007 2984 Simo-

373 3000 523 3042 nideis·
559 3004 834 3045 constituere
862 3007 1172 3057 potuerimus.
1233 3010 1298 3048 Ex
1336 3010 1498 3058 tribus,
1539 3009 1699 3059 quibus
1731 3010 1799 3048 usi
1826 3019 2002 3059 sumus,

373 3066 536 3106 indiciis
565 3071 763 3118 apparuit
792 3071 902 3110 inter
932 3073 981 3111 70
1012 3072 1100 3122 (73)
1130 3085 1225 3124 epp.
1257 3074 1524 3124 Simonidea,
1556 3086 1667 3124 quae
1693 3075 1737 3113 in
1766 3074 1893 3114 Anth.
1913 3073 2002 3113 Pal.
