2072 3568
362 211 463 264 Cap.
497 209 587 262 111,
624 210 684 252 19.
1143 209 1216 252 174

363 337 505 378 hattc’.
540 339 732 377 Attamen
759 337 882 376 nobis
902 337 1181 387 supersedere
1203 348 1286 376 non
1307 337 1400 377 licet
1419 347 1646 389 quaerere,
1674 338 2002 390 pervenerimus

361 406 411 444 iis
436 404 512 443 viis
533 404 575 442 in
597 403 883 453 Cephalanam
906 403 1199 453 Anthologiam
1225 402 1467 442 Simoniden
1490 404 1818 455 epigrammata,
1840 405 2000 457 quibua

360 481 407 509 ea
438 469 665 519 Cephalam
696 468 909 518 accepisse
938 471 1058 518 putat
1089 479 1168 507 v.c.
1202 479 1261 507 sc.
1294 479 1345 507 ex
1377 466 1618 509 Herodoto
1641 474 1771 521 atque
1796 468 2003 524 Dioqm

363 533 548 574 Laertio
564 533 648 583 1⁴¹7).
684 533 848 572 Etenim
874 533 1076 583 quoniam
1100 532 1342 573 Herodoto
1367 544 1475 573 usus
1493 539 1558 573 est
1578 534 1784 576 Collector
1804 535 2000 589 Syllogee

364 599 631 639 Simonideae
670 598 717 649 (ἓ
752 598 843 649 44),
887 599 1053 638 Corona
1084 599 1318 649 Meleagrea
1349 597 1579 650 Dioyenea
1606 599 1655 652 (5
1686 599 1776 651 72),
1817 603 2002 653 utroque

360 668 499 704 autem
539 664 746 714 scriptore
783 664 1014 714 Cephalus,
1056 664 1147 703 fieri
1187 675 1291 703 sane
1329 667 1488 715 potest,
1529 668 1576 705 ut
1612 664 1855 707 Simoniden
1881 678 1996 718 epp„

360 742 470 780 quae
507 733 687 779 uterque
723 741 820 769 cum
859 730 984 769 Anth.
1026 730 1112 769 Pal.
1152 730 1394 770 communia
1434 730 1582 780 habet,
1624 742 1709 771 non
1744 742 1798 771 ex
1827 731 2002 784 Sylloge

361 796 451 834 sive
479 796 645 835 Corona
676 795 787 844 Mel.,
821 795 894 834 sed
923 807 975 834 ex
1005 795 1109 845 ipsis
1138 795 1419 845 scriptoribus
1448 796 1490 835 in
1521 796 1751 847 Cephalam
1778 796 1995 838 fluxerint.

360 861 479 906 Quae
508 872 576 899 res
605 860 725 899 facile
753 860 892 899 dirimi
923 863 1081 910 potest,
1114 871 1211 899 cum
1236 860 1317 899 tria
1343 863 1510 900 tantum
1535 860 1778 902 Simoniden
1800 861 2000 922 legantur

360 927 474 976 apud
505 926 766 966 Herodotum
800 924 918 976 (VII.
950 925 1048 965 228:
1079 938 1174 976 epp.
1207 926 1272 965 91.
1306 926 1379 976 92,
1412 926 1506 976 94),
1539 927 1712 967 totidem
1736 926 1853 979 apud
1873 927 1996 979 Diog.

362 992 575 1032 Laertium
620 992 684 1042 (V.
727 991 778 1030 65
819 993 859 1030 et
898 991 944 1030 V.
988 990 1040 1030 68
1081 1003 1176 1041 epp.
1220 991 1261 1030 in
1303 991 1560 1032 Pausaniam
1602 995 1644 1032 et
1683 992 1729 1032 in
1764 993 1996 1044 Acronem,

359 1056 434 1096 IV.
467 1058 518 1097 45
546 1069 611 1107 ep.
649 1057 737 1106 157,
778 1057 831 1096 ci.
868 1055 893 1107 ξ
926 1056 975 1095 72
1005 1056 1138 1107 sqq.).

414 1124 478 1162 Ex
505 1121 813 1174 Dioyenianis
830 1123 1151 1172 epigrammatis
1172 1123 1336 1162 nullum
1358 1135 1382 1163 a
1404 1123 1611 1173 cephala,
1639 1134 1737 1163 cum
1756 1125 2000 1175 excerperet
2062 1123 2063 1126 ’

359 1189 476 1228 Vitas
516 1188 587 1238 (ct.
629 1187 655 1238 ξ
697 1187 764 1238 73)
805 1191 1017 1238 receptum
1056 1191 1139 1236 est;
1178 1200 1243 1239 ep.
1283 1189 1325 1227 in
1366 1189 1651 1239 Pausaniam,
1691 1188 1808 1240 quod
1833 1189 1873 1228 ei
1899 1199 1998 1230 eum

361 1255 546 1304 Diogene
573 1265 799 1293 commune
825 1256 912 1302 est,
945 1253 1013 1292 ille
1043 1253 1250 1293 Simonidi
1279 1254 1533 1293 attributum
1561 1253 1731 1294 exhibet
1752 1254 1798 1294 in
1820 1255 1941 1295 textu
1966 1253 1998 1295 S

361 1319 461 1369 (ΑΡ.
497 1317 595 1358 VII.
629 1318 751 1369 508),
794 1319 860 1359 hic
891 1319 1134 1369 Empedocli
1163 1320 1430 1370 assignatum
1461 1320 1503 1359 in
1533 1322 1652 1359 textu
1680 1321 1716 1360 A
1744 1319 1817 1372 (cf.
1850 1318 1879 1373 g
1909 1318 1995 1372 75).

360 1385 578 1424 Remansit
616 1385 747 1435 igitur
783 1397 848 1435 ep.
888 1385 931 1423 in
970 1385 1052 1423 ΑΡ.
1086 1397 1138 1424 ex
1170 1385 1342 1436 Sylloge
1372 1385 1615 1425 Simoniden
1646 1384 1742 1436 (per
1769 1384 1866 1426 eor.
1898 1384 1994 1426 nel.

359 1449 597 1500 traditum).

412 1516 510 1554 Tria
539 1516 845 1566 epigrammata
878 1514 1143 1565 Simonidea,
1176 1526 1287 1565 quae
1315 1515 1430 1566 apud
1455 1513 1750 1555 Herodotum
1777 1514 1994 1567 leguntur,

358 1581 500 1619 omnia
529 1580 572 1619 in
601 1580 684 1619 ΑΡ.
714 1580 905 1619 redeunt.
945 1581 1052 1630 Epp.
1081 1581 1129 1620 91
1160 1583 1201 1620 et
1228 1581 1280 1620 92
1308 1583 1455 1620 extant
1484 1579 1583 1621 vn.
1610 1580 1691 1621 248
1716 1591 1782 1631 aq.
1809 1580 1855 1620 in
1882 1580 1999 1632 prin·

358 1646 467 1696 cipio
503 1645 666 1685 ordinis
706 1645 960 1695 Simonidei,
1002 1646 1044 1684 in
1084 1648 1199 1685 textu
1240 1646 1294 1685 ab
1327 1646 1568 1686 Herodoteo
1598 1645 1689 1696 (A1)
1718 1645 1891 1686 diverso
1917 1644 1994 1697 (8,

358 1723 409 1750 ex
447 1711 497 1749 A·
537 1713 578 1750 et
615 1711 668 1749 A*
705 1711 1013 1761 contaminato,
1055 1711 1108 1750 cf.
1140 1710 1166 1763 ξ
1196 1711 1290 1761 44),
1332 1712 1447 1751 unde
1473 1712 1556 1751 iam
1586 1713 1754 1752 constat
1780 1711 1886 1751 haec
1910 1710 2000 1751 duo

357 1788 452 1826 epp.
480 1788 533 1815 ex
562 1774 749 1827 Sylloye
771 1775 1045 1816 Simonidea
1066 1777 1108 1815 in
1133 1776 1217 1815 ΑΡ.
1243 1779 1478 1827 propagata
1501 1788 1608 1816 esse.
1641 1776 1831 1816 Tertium
1853 1787 1920 1827 ep.
1944 1775 1997 1817 94

361 1840 639 1892 (Megistiae),
679 1842 795 1891 quod
833 1842 957 1881 unice
993 1842 1107 1892 apud
1143 1842 1409 1882 Herodotum
1438 1853 1536 1882 cum
1567 1841 1800 1882 Simonidis
1826 1841 2000 1882 nomine

358 1910 422 1946 est
450 1907 746 1957 coniunctum,
788 1907 831 1945 in
861 1907 943 1946 ΑΡ.
976 1907 1031 1946 ab
1060 1907 1142 1946 illis
1170 1907 1429 1958 diremptum
1457 1907 1612 1959 legitur
1642 1905 1741 1947 vn.
1772 1906 1852 1948 677
1879 1906 1998 1947 1111110

358 1973 480 2012 titulo
521 1974 719 2012 ornatum
766 1971 837 2023 (cf.
882 1971 908 2023 ξ
951 1972 1003 2011 82
1046 1985 1087 2011 11.
1132 1972 1241 2023 102).
1288 1973 1538 2024 Argumenti
1565 1973 1694 2012 indici
1721 1984 1748 2013 a
1777 1972 1812 2012 L
1838 1971 1998 2023 soi-imo

358 2037 518 2076 addidit
548 2037 580 2077 C
610 2037 740 2076 verba
770 2035 817 2077 ἐκ
846 2040 918 2089 τῆς
945 2037 1126 2088 ἱστορίας
1148 2035 1397 2089 Ἡροδότου.
1445 2038 1717 2088 Quamquam
1746 2037 1780 2079 C
1808 2037 1876 2077 his
1902 2049 1997 2078 ver-

358 2103 423 2142 bis
461 2103 577 2142 haud
615 2103 702 2142 scio
738 2114 793 2141 an
824 2102 929 2141 nihil
955 2103 1095 2142 dicere
1124 2103 1304 2143 voluerit
1333 2104 1416 2143 nisi
1444 2114 1509 2154 ep.
1544 2102 1636 2155 leyi
1661 2103 1777 2154 apud
1806 2102 1996 2143 Herodo-
2070 2109 2072 2113 “

358 2172 447 2207 tum
493 2168 593 2218 (alia
632 2168 761 2207 huius
800 2170 925 2207 notae
961 2170 1026 2207 est
1063 2168 1319 2219 significatio
1357 2167 1432 2208 VI.
1471 2168 1497 2208 6
1533 2180 1646 2219 sqq.,
1690 2168 1766 2208 ubi
1801 2179 1828 2209 a
1864 2178 1996 2208 manu

358 2234 494 2283 prima
527 2234 560 2272 A
589 2232 857 2284 ascribitur),
899 2234 1047 2284 utique
1075 2234 1167 2273 fieri
1196 2236 1356 2284 potest,
1397 2236 1445 2274 ut
1473 2234 1553 2274 1100
1579 2246 1645 2285 ep.
1677 2245 1703 2274 a
1731 2232 1918 2285 cephala
1942 2244 1997 2274 ex

359 2299 574 2338 Herodoto
614 2299 888 2349 desumptum
931 2300 998 2338 sit.
1046 2299 1154 2340 Cum
1196 2302 1338 2339 autem
1381 2311 1456 2350 per
1497 2310 1544 2338 se
1584 2301 1747 2339 constet
1787 2299 1868 2340 1100
1906 2309 1992 2350 ep..
2066 2312 2071 2336 1

357 2364 471 2414 quod
503 2364 763 2403 Simonidem
791 2364 934 2414 ipsum
962 2364 1182 2404 dedicasse
1209 2365 1395 2404 traderet
1424 2364 1691 2414 Herodotus,
1723 2363 1999 2404 aOoileetore

359 2440 443 2467 non
484 2429 719 2479 neglectum
757 2440 852 2468 esse
879 2429 974 2479 1⁴¹8),
1019 2430 1276 2469 sumendum
1314 2431 1416 2479 erit,
1457 2430 1611 2480 quodsi
1648 2428 1997 2470 constituendum

360 2494 527 2533 videtur
563 2494 605 2533 id
642 2506 691 2533 eo
728 2495 819 2534 loco
856 2506 942 2544 quo
980 2506 1096 2535 nunc
1131 2495 1299 2546 legatur
1335 2507 1360 2535 a
1394 2495 1579 2546 Cephala
1607 2494 1794 2545 positum
1820 2504 1918 2534 esee
1941 2504 1996 2535 ω

361 2559 574 2598 Herodoto
611 2559 705 2609 ipso
742 2559 941 2609 petitum,
983 2559 1025 2599 id
1054 2571 1078 2599 a
1108 2560 1339 2600 collectore
1365 2572 1417 2599 ex
1446 2560 1664 2600 Herodoto
1691 2561 1929 2610 receptum,
1967 2569 1995 2601 a
2065 2593 2072 2613 s

360 2624 570 2673 Meleagro
605 2635 657 2662 ex
698 2623 870 2675 Sylloge
897 2625 1120 2664 dimissum
1151 2625 1297 2664 fuisse.
1343 2625 1437 2664 Non
1466 2636 1647 2675 prorsus
1673 2627 1837 2664 eertum
1860 2624 1996 2676 igltur
2055 2634 2072 2663 fi

357 2691 421 2727 est
450 2689 528 2728 hoc
556 2701 620 2739 ep.
637 2719 647 2738 ,
689 2690 812 2729 cuius
840 2692 983 2729 textus
1011 2691 1054 2729 in
1085 2691 1335 2741 Anthologia
1365 2702 1461 2730 cum
1492 2690 1732 2730 Herodoteo
1758 2689 1991 2740 consentit,
2069 2712 2070 2715 =

358 2753 570 2803 integrum
609 2766 633 2792 a
671 2755 901 2794 Collectore
927 2766 980 2794 ex
1009 2755 1225 2795 Herodoto
1253 2756 1297 2795 in
1330 2755 1530 2807 Syllogen
1558 2755 1815 2794 translatum
1842 2754 1991 2794 fuisse.

415 2818 516 2858 Sine
552 2819 638 2858 ullo
674 2819 805 2858 dubio
844 2823 955 2859 recta
994 2821 1063 2859 via
1099 2832 1152 2859 ex
1192 2821 1407 2860 Herodoto
1446 2821 1512 2871 (V.
1555 2820 1624 2870 77)
1661 2819 1902 2859 derivatum
1927 2821 1996 2874 eet
2063 2854 2067 2856 .

402 2971 464 3011 ¹⁴7)
507 2971 560 3005 ‘ln
594 2983 719 3006 unsere
752 2974 961 3017 Anthologie
992 2975 1069 3007 sind
1102 2975 1191 3008 viele
1222 2976 1293 3007 alte
1324 2974 1496 3008 Gedichte
1527 2985 1554 3007 z.
1589 2974 1624 3007 B.
1656 2983 1721 3006 aus
1745 2973 1897 3006 neu-mint
1920 2973 1991 3007 und

360 3029 454 3069 Diog.
480 3029 639 3061 Laertius
662 3031 897 3071 gekounmen‘,
922 3032 974 3063 vir
997 3033 1039 3064 cl.
1065 3033 1112 3064 1.1.

404 3083 465 3124 1⁴¹2⁴)
510 3085 561 3117 Cr.
586 3084 602 3126 ἓ
626 3086 669 3118 8⁸2
694 3097 727 3119 n.
751 3086 827 3119 10⁸2.
