2072 3568
358 227 458 277 (κη).
499 227 555 266 11.
1150 225 1202 265 5ss

358 351 543 390 tabulam
589 350 777 401 pictam).
826 350 946 389 Unde
989 349 1111 389 nohis
1153 348 1280 388 datur
1322 349 1488 388 occasio
1529 348 1843 401 constituendi,
1886 360 1999 401 qm

358 417 514 455 luerint
553 416 811 455 narrationis
847 415 1052 454 elementa
1091 414 1312 464 scriptoris
1350 414 1408 463 X,
1450 425 1577 464 quem
1616 414 1657 454 in
1692 413 1999 466 epigrammate

361 483 433 522 1:37
472 482 686 522 laudando
727 481 1003 521 Plutarchum
1040 481 1212 530 Ephoro
1243 480 1317 530 (Y)
1348 479 1602 530 praetulisse
1629 479 1842 531 apparuit.
1887 479 1997 522 Cum

360 548 467 587 i’lut.
514 547 667 586 habeat
710 558 860 586 nomen
909 546 1141 586 Simonidis
1182 545 1478 596 epigrammati
1521 544 1760 595 adiectum,
1810 555 1994 596 uxores,

358 615 522 652 statuas
560 623 736 662 aeneas,
778 612 982 651 elementa
1012 611 1067 651 ab
1097 610 1306 661 Ephoreis
1334 610 1503 650 diversa
1535 609 1708 660 (nomen
1739 610 1994 662 Simonidis,

357 678 540 727 statuae)
580 678 710 728 igitur
749 677 853 717 fonti
894 678 927 716 X
967 675 1238 717 attribuenda
1277 678 1401 726 sunt,
1443 675 1517 727 qui
1556 676 1598 715 in
1632 675 1767 716 altero
1790 675 2023 718 elmneuto'

357 756 452 783 cum
484 744 656 794 Ephoro
684 743 937 782 convenisse
968 742 1149 782 videtur.

409 810 637 855 Quaerenti
667 810 719 849 dc
747 810 1067 861 epigrammatis
1096 811 1290 848 textuum
1319 807 1589 846 diversorum
1615 806 1861 848 condicione
1881 807 1998 859 apud

358 875 585 925 scriptores
625 876 658 915 Y
697 874 957 926 (Ephorum)
994 876 1034 915 et
1065 875 1099 914 X
1128 875 1208 914 hoc
1236 873 1389 914 acriter
1417 872 1648 912 tenendum
1677 875 1743 913 est
1768 872 1999 925 diiigen-

358 944 438 979 ter
470 952 591 980 esse
618 940 1051 991 distinguendas
1079 938 1498 990 epigrammatis
1527 940 1715 978 textus
1741 937 1999 979 diversas

357 1006 706 1046 traditiones.
742 1007 914 1047 Certum
935 1008 998 1046 est
1016 1005 1313 1055 Plutarchum,
1337 1004 1373 1043 si
1394 1004 1518 1043 unice
1536 1015 1644 1043 usus
1662 1006 1775 1044 esset
1793 1003 2002 1055 scriptore

358 1072 392 1110 Y
417 1072 642 1123 (Ephoro),
670 1073 852 1112 eundem
873 1074 1035 1112 textum
1056 1070 1376 1122 epigrammatis
1395 1068 1672 1109 laudaturum
1691 1068 1844 1120 luisse,
1870 1078 1999 1120 quem

358 1138 578 1188 Ephorum
609 1138 811 1177 habuisse
840 1137 1045 1176 vidimus:
1087 1136 1242 1176 scilieet
1271 1135 1420 1185 talem,
1459 1134 1599 1185 qualis
1629 1146 1745 1175 nunc
1770 1134 1928 1186 legitur
1953 1133 1999 1175 in

360 1203 528 1242 Scholio
567 1203 804 1243 Pindarico.
852 1203 975 1248 Quod
1014 1203 1068 1242 ab
1106 1202 1185 1241 hoc
1213 1204 1332 1241 textu
1361 1201 1575 1251 discrepat
1604 1200 1906 1252 Plutarcheus,
1945 1211 2000 1242 ex

357 1280 405 1307 eo
442 1269 740 1319 explicandum
778 1272 863 1318 cst,
906 1268 1020 1318 quod
1060 1268 1177 1306 iuxta
1217 1267 1376 1306 fontem
1415 1266 1451 1305 Y
1489 1266 1718 1317 usurpavit
1755 1266 1916 1307 fontem
1943 1265 1996 1307 X.

357 1335 438 1380 Qui
475 1335 604 1385 igitur
640 1347 725 1374 non
762 1335 921 1384 solum,
964 1334 1079 1384 quod
1109 1333 1257 1372 attinet
1285 1332 1339 1372 ad
1370 1332 1628 1372 narrationis
1655 1332 1883 1382 eleinents,
1923 1329 1999 1372 sed

356 1401 482 1439 etiam
530 1401 572 1439 in
619 1403 737 1439 textu
784 1400 1104 1451 epigrammatis
1151 1411 1176 1439 a
1224 1398 1452 1438 traditione
1493 1399 1554 1448 A,
1604 1409 1735 1448 quam
1776 1397 1998 1449 Ephorum

358 1466 764 1516 Theopompumque
807 1468 1151 1515 repraesentasse
1187 1464 1409 1515 apparuit,
1455 1463 1613 1503 differt.
1658 1463 1912 1504 Aeeuratius
1946 1461 2001 1503 de

359 1531 604 1571 condicione
645 1531 965 1582 epigrammatis
1008 1531 1122 1581 apud
1166 1531 1388 1581 Ephorum
1433 1530 1491 1580 (et
1532 1529 1643 1569 trad.
1689 1527 1743 1580 A)
1785 1530 1916 1580 atque
1953 1527 1998 1568 in

360 1597 475 1636 fonte
514 1597 547 1635 X
586 1598 779 1636 textuum
819 1597 921 1635 mihi
950 1596 1175 1635 dicendum
1206 1596 1306 1646 erit,
1348 1607 1445 1635 cum
1474 1595 1527 1635 de
1554 1595 1720 1635 ratione
1743 1595 1888 1635 textus
1913 1593 1999 1645 ept-

359 1663 609 1712 grammatis
638 1662 752 1712 apud
781 1662 1045 1702 Athenaeum
1075 1662 1309 1701 viderimus
1340 1661 1411 1711 (cf.
1446 1660 1505 1713 ἐξ
1535 1661 1609 1709 31,
1641 1660 1729 1712 33).

414 1727 439 1778 ἓ
470 1727 534 1767 30.
596 1726 663 1768 De
686 1726 921 1767 Athenaeo
947 1728 1088 1779 atque
1114 1726 1475 1767 Chamaeleonte.
1522 1726 1734 1773 Quoniam
1754 1736 1808 1767 ex
1831 1725 2000 1766 Scholio

361 1793 583 1832 Pindarico
630 1794 789 1833 scimus
806 1824 816 1843 ,
872 1796 1011 1833 utram
1060 1782 1329 1832 traditionem
1378 1792 1760 1843 repraesentaverit
1803 1801 2001 1843 quaeque

357 1858 561 1898 elementa
610 1859 869 1898 narrationis
916 1859 1172 1898 continuerit
1219 1870 1336 1897 unus
1386 1857 1724 1909 (Theopompus)
1766 1868 1819 1898 ex
1858 1855 2000 1897 tribus

359 1924 666 1974 scriptoribus,
717 1924 876 1975 quibus
924 1925 998 1963 niti
1048 1924 1216 1963 videtur
1262 1924 1464 1963 Athenaei
1507 1922 1825 1974 testimonium,
1874 1922 2002 1963 nobis

358 1989 485 2028 datus
519 1992 583 2028 est
611 1990 730 2029 locus
760 1990 995 2039 statuendi,
1036 1989 1140 2039 quid
1169 1989 1284 2040 apud
1313 1989 1443 2028 istum
1474 2000 1558 2028 non
1589 1989 1884 2039 Theopompo,
1923 1987 1999 2029 sed

358 2054 449 2094 sive
495 2055 808 2095 chamaeleonti
855 2055 1061 2094 debeatur
1107 2055 1199 2094 sive
1243 2054 1427 2094 Timaeo.
1489 2054 1810 2105 Theopompum
1855 2054 1999 2095 autem

359 2131 455 2158 cum
495 2132 646 2159 nomen
687 2123 834 2170 poetae
870 2120 1066 2159 omisisse
1106 2120 1234 2170 (trad.
1268 2119 1319 2170 A)
1350 2123 1513 2159 constet
1542 2122 1768 2170 ceteraque
1792 2119 1999 2159 elementa

358 2185 562 2224 habuisse
604 2186 847 2226 matronas
888 2188 1016 2235 atque
1059 2184 1290 2235 tabulam,
1338 2196 1510 2224 necesse
1548 2187 1613 2224 ost
1654 2184 1870 2226 Athenaeo
1907 2183 2001 2224 sive

360 2250 724 2290 Chamaeleontem
764 2252 854 2291 sive
882 2251 1102 2291 Timaeum
1132 2251 1223 2290 sive
1251 2253 1485 2301 utrumque
1513 2250 1811 2301 suppeditasse
1836 2249 2000 2291 tradin-

358 2327 482 2355 onem
527 2316 556 2356 S
598 2319 726 2366 atque
763 2315 1019 2356 vtzeretrices
1055 2316 1159 2356 deae
1196 2316 1422 2366 supplices.
1470 2316 1520 2355 In
1550 2316 1754 2356 Athenaei
1781 2316 2000 2366 praeterea

360 2381 617 2420 narrationis
646 2382 862 2421 elementis
892 2382 971 2422 hoc
1000 2382 1155 2421 mirum
1186 2381 1358 2431 accidit,
1392 2382 1507 2431 quod
1532 2394 1667 2421 unum
1692 2379 1875 2432 (tabula)
1899 2391 1999 2423 eum

363 2446 531 2485 Schoiio
574 2447 798 2486 Pindarico
839 2448 874 2486 ei
918 2450 982 2486 est
1019 2458 1266 2496 commune,
1312 2447 1492 2486 alterum
1533 2447 1707 2496 (nomen
1746 2445 1998 2496 Simonidis)

359 2523 455 2550 eum
496 2512 744 2562 Plutarcho,
787 2513 958 2551 tertium
996 2512 1051 2551 ab
1088 2515 1271 2561 utroque
1307 2512 1533 2562 discrepat.
1580 2512 1702 2551 Unde
1737 2512 1823 2552 iam
1855 2510 1998 2552 statim

360 2577 553 2626 sequitur
581 2577 659 2616 hoc
688 2578 964 2627 elementum,
997 2589 1083 2626 quo
1103 2575 1360 2617 meretrices
1382 2588 1466 2616 non
1492 2578 1736 2618 niatronae
1755 2576 2001 2618 Corinthiae

360 2641 642 2691 precationem
672 2642 820 2681 fecisse
849 2642 1169 2691 significantur,
1203 2641 1399 2680 neutrius
1418 2642 1740 2692 epigrammatis
1757 2641 2000 2683 traditionis

360 2718 454 2744 esse
496 2707 736 2756 proprium,
783 2710 829 2745 ut
875 2706 901 2758 ἓ
931 2706 978 2745 31
1025 2707 1067 2745 in
1111 2707 1276 2746 donarii
1318 2707 1546 2756 elemento,
1589 2707 1702 2757 quod
1740 2707 1785 2747 in
1821 2707 1933 2748 trad.
1962 2707 1998 2748 A

361 2771 504 2811 tabula
548 2772 627 2821 sit,
679 2772 720 2811 in
763 2772 871 2811 trad.
922 2772 951 2811 S
995 2774 1188 2821 statuae,
1240 2772 1331 2810 fieri
1375 2772 1626 2812 videbimus.
1686 2772 1999 2823 Inquirendum

360 2836 491 2886 igitur
518 2839 605 2886 est,
636 2848 747 2886 quae
774 2839 885 2875 extet
914 2836 1103 2876 condicio
1128 2837 1237 2875 inter
1261 2837 1390 2876 huius
1414 2838 1607 2876 elementi
1633 2838 1787 2877 indicia
1809 2837 1995 2892 diverso.

362 2901 476 2940 Haec
505 2901 698 2951 quaestio
727 2913 811 2940 una
841 2913 938 2940 cum
967 2901 1120 2951 altera,
1155 2913 1266 2951 quae
1293 2904 1357 2941 est
1385 2902 1437 2940 de
1464 2903 1710 2942 condicione
1737 2903 1848 2942 inter
1873 2899 1997 2943 Athen

361 2977 514 3005 naeum
544 2969 672 3016 atque
699 2969 808 3016 tres,
841 2978 950 3016 quos
979 2966 1144 3015 laudat,
1178 2967 1428 3016 scriptores,
1462 2967 1726 3006 tractabitur.
1796 2965 1807 2971 “

414 3030 732 3080 Quaestionem,
756 3043 806 3070 ex
827 3043 914 3081 quo
932 3032 985 3070 de
1003 3031 1143 3070 tribus
1163 3032 1244 3070 iilis
1264 3033 1512 3071 auctoribus
1533 3033 1723 3072 hauserit
1738 3032 1994 3083 Athenaeus,

361 3095 443 3132 iam
489 3097 714 3135 maximam
760 3099 921 3146 partem
966 3097 1090 3136 solvit
1128 3097 1415 3136 Wilamowitz.
1462 3097 1734 3147 Quamquam
1763 3109 1850 3137 una
1878 3098 1924 3137 in
1950 3108 1999 3137 re
