2072 3568
393 203 493 253 Cap.
529 201 617 251 111,
651 202 687 242 9.
1182 199 1255 240 104

394 326 495 367 δέκα
534 325 745 379 μυριάδας
784 326 979 365 finxisset
996 325 1066 376 37).
1111 324 1192 371 Qui
1223 323 1341 364 ἐννέα
1370 336 1422 364 ex
1451 323 1581 364 εἴκοσι
1610 324 1712 364 oriri
1741 324 1948 376 potuerit,
1987 324 2032 367 in

393 395 539 444 aperto
575 395 658 433 est:
698 391 903 431 Aristides
940 391 1203 442 epigramma
1244 390 1514 442 neglegenter
1551 401 1600 430 ac
1633 389 1950 441 quodammodo
1978 401 2033 432 ex

394 462 581 510 tempore
608 457 811 497 laudavit.

448 525 598 574 Itaque
625 535 677 563 ex
707 522 883 562 lectione
911 521 1040 561 εἴκοσι
1071 533 1154 561 non
1186 521 1323 572 magis
1348 532 1477 571 quam
1498 532 1550 561 ex
1569 523 1806 562 ceterorum
1824 520 2034 573 epigram-

395 592 555 629 matum
586 588 780 639 analogia
805 589 1107 638 argumentum
1133 586 1216 637 peti
1242 588 1378 637 potest
1404 586 1483 626 hoc
1501 586 1764 637 epigramma
1782 587 2034 628 “mitum

394 667 488 695 esse
516 667 540 694 a
573 653 809 694 Scholiasta
839 664 890 692 ex
919 651 1163 703 anthologia
1192 651 1377 702 quadam
1410 650 1525 701 (Cor.
1550 651 1683 702 Mel)
1716 651 1770 692 Et
1796 651 1841 692 in
1872 650 2013 694 Schc”

395 723 531 760 astam
560 723 600 759 et
628 720 671 759 in
704 719 880 759 Suidam
896 717 950 769 38)
981 721 1022 757 et
1050 718 1093 757 in
1124 717 1349 757 Aristidem
1377 717 1641 769 epigramma
1665 720 1949 770 propagatum
1969 719 2037 759 est

395 798 445 826 ex
484 786 691 836 scriptore
728 784 928 824 historico
965 783 1202 835 (Ephoro),
1243 783 1366 823 cuius
1403 783 1594 823 notitiam
1622 794 1795 834 quoque
1820 778 2036 824 servatam

396 852 603 891 habemus
641 851 756 901 apud
794 850 1023 890 lustinum.
1074 850 1320 899 Praeterea,
1361 849 1527 889 etiamsi
1565 850 1644 889 hoc
1678 860 1745 901 ep.
1782 849 1828 890 in
1865 848 2033 890 Anthol.

397 917 639 967 Cephalana
663 916 843 956 affuisse
861 915 1206 955 constituendum
1227 917 1352 964 esset,
1380 914 1557 954 Suidam
1579 914 1718 955 hocin
1732 914 2040 967 epigrammate

396 982 475 1022 hae
513 982 766 1033 Anthologia
804 993 888 1021 non
928 991 1056 1020 usum
1094 992 1189 1020 esse
1222 992 1275 1020 ex
1309 980 1465 1020 forma
1491 980 1661 1031 glossae
1690 977 1908 1033 (Hennam
1934 977 2039 1022 στοὰ

397 1047 441 1087 ἐν
473 1045 672 1099 Ἀθήναις
709 1046 814 1086 ἔνθα
843 1045 1092 1099 ἐγράφησαν
1125 1045 1167 1085 οἱ
1193 1044 1238 1086 ἔν
1267 1042 1515 1097 ,Μαραθῶνι
1542 1043 1855 1099 πολεμήσαντες
1878 1042 1937 1091 εἰς
1962 1042 2040 1090 οὕς

397 1112 477 1152 ἐστι
507 1112 751 1165 ἐπίγραμμα
781 1103 898 1151 τόδε·
929 1124 1016 1163 seq.
1049 1111 1138 1163 ep.)
1169 1112 1290 1162 sequi
1319 1111 1421 1151 mihi
1450 1111 1633 1163 videtur,
1665 1111 1719 1152 cf.
1753 1110 1781 1164 fi
1811 1111 1886 1152 Ill
1915 1120 1982 1162 eq.

454 1178 479 1230 ξ
510 1179 574 1218 60.
637 1178 704 1219 De
724 1176 982 1219 traditione
996 1179 1137 1229 atque
1151 1175 1424 1217 condicione
1437 1175 1795 1229 epiyrammatis
1809 1173 2041 1229 142apud

400 1243 668 1284 Aristidem.
715 1243 1040 1294 Inquirentibus
1079 1243 1225 1294 nobis,
1266 1245 1363 1283 utra
1401 1242 1609 1283 recentior
1641 1241 1962 1295 epigrammatis
1985 1241 2041 1286 90

400 1310 535 1349 forma
566 1321 666 1349 vera
692 1310 768 1359 sit,
802 1320 951 1348 norma
977 1308 1247 1359 suppeditata
1270 1310 1357 1358 est,
1389 1319 1476 1358 qua
1501 1308 1636 1359 possit
1659 1306 1905 1359 diiudicari,
1934 1305 2041 1359 quid

400 1375 572 1414 Aristidi
601 1375 654 1414 ad
680 1377 842 1415 textum
866 1375 1223 1425 epigrammatum
1248 1373 1303 1413 ab
1327 1384 1377 1413 eo
1400 1373 1672 1413 laudatorum
1695 1371 2041 1414 constituendum

401 1441 531 1480 tribui
560 1441 694 1480 liceat.
728 1441 836 1480 Nam
865 1451 950 1491 qua
980 1452 1031 1479 ex
1062 1439 1326 1490 neglegentia
1356 1439 1490 1479 invito
1518 1439 1555 1478 ei
1583 1438 1738 1479 excidit
1764 1438 1808 1479 in
1835 1436 2043 1491 epigr-90

401 1506 617 1546 laudando
654 1504 772 1545 ἐννέα
801 1517 879 1556 pro
907 1505 1056 1556 εἴκοσι,
1098 1505 1245 1545 eadem
1274 1516 1382 1545 usus
1409 1516 1505 1544 esse
1533 1504 1723 1555 videtur,
1762 1514 1861 1545 cum
1886 1504 1929 1544 et
1953 1502 2020 1554 ος*

401 1571 652 1621 grammatis
693 1571 767 1611 142
808 1573 849 1611 et
890 1565 1211 1622 epigrammatis
1248 1570 1300 1611 97
1338 1570 1566 1621 utriusque
1602 1569 1825 1621 praeberet
1859 1568 2042 1609 formam

401 1647 498 1675 cum
528 1648 552 1675 a
581 1637 807 1676 traditione
836 1638 869 1676 A
897 1639 989 1676 tum
1017 1649 1042 1676 a
1071 1636 1180 1676 trad.
1217 1636 1246 1676 S
1275 1636 1504 1676 diversam.

457 1701 789 1757 Epigrammatis
820 1702 894 1741 142
925 1704 1011 1741 tres
1039 1702 1294 1753 praecipuae
1321 1703 1468 1741 extant
1491 1701 1655 1741 formae
1680 1700 1752 1752 (de
1774 1701 1929 1752 quarta
1952 1698 2039 1740 vid.

402 1767 514 1806 inira
542 1769 583 1806 et
614 1766 640 1818 ἓ
673 1766 782 1817 118).
816 1767 1013 1817 Ephorea
1045 1766 1179 1818 (apud
1208 1767 1328 1807 Diod.
1354 1767 1426 1807 XI.
1456 1767 1527 1817 62,
1559 1766 1613 1807 ct.
1645 1765 1672 1819 ἓ
1691 1764 1779 1818 48),
1809 1764 2040 1816 Aristiden,

403 1834 587 1882 utraque
623 1836 861 1883 anonyma,
903 1835 1032 1883 atque
1067 1833 1349 1883 Anthologiae
1386 1832 1604 1872 Palatinae
1632 1831 1747 1882 (VII.
1777 1828 1876 1881 296)
1902 1830 2044 1871 {orma

404 1898 575 1937 nomine
606 1897 837 1938 Simonidis
865 1898 1088 1938 instructa.
1122 1898 1344 1948 Ephoreae
1372 1898 1441 1938 hic
1466 1900 1531 1937 est
1559 1899 1721 1937 textus:

617 1962 663 2010 ἐξ
690 1961 743 2003 οὗ
773 1963 810 2015 γ’
837 1962 1058 2016 Εὐρώπην
1079 1962 1218 2008 Ἀσίας
1246 1962 1341 2015 dixu
1368 1961 1523 2008 πόντος
1549 1961 1729 2014 ἔνειμε
1756 1959 1759 1962 ’

671 2027 742 2069 καὶ
764 2020 969 2074 *az-dicae
996 2028 1212 2082 θνητῶν
1240 2028 1405 2080 θοῦρος
1422 2026 1553 2081 Ἄρης
1581 2026 1783 2080 ἐπέχει,

618 2093 779 2134 οὐδέν
806 2109 878 2135 πω
906 2097 1155 2134 τοιοῦτον
1182 2092 1441 2147 ἐπιχθονίων
1470 2092 1596 2145 γένετ’
1619 2090 1794 2145 ἀνόρῶν

672 2159 797 2212 ἔργον
825 2160 869 2201 ἐν
898 2160 1061 2213 ἠπείρῳ
1088 2158 1160 2200 καὶ
1187 2158 1295 2200 κατὰ
1322 2157 1478 2210 πόντον
1506 2157 1535 2199 ἃ
1543 2172 1628 2211 μα.

510 2225 530 2253 ⁵
619 2224 707 2265 οἷ’ὁε
736 2224 816 2278 γὰρ
844 2225 888 2266 ἐν
918 2224 1120 2278 Κύπρῳ
1152 2223 1379 2278 Μήδους
1406 2223 1589 2270 πολλοὺς
1616 2223 1832 2269 ὀλέσαντες

678 2289 891 2332 Φοινίκων
918 2290 1069 2332 ἑκατὸν
1096 2294 1200 2337 ναῦς
1227 2289 1322 2331 ἕλον
1349 2290 1394 2331 ἐν
1420 2289 1588 2342 πελάγει

619 2355 792 2409 ἀνδρῶν
819 2355 1091 2409 πληθούσας·
1121 2357 1230 2409 μέγα
1261 2355 1300 2396 δ’
1324 2356 1483 2397 ἔστενεν
1505 2354 1615 2401 'Aule
1642 2354 1715 2396 ὑπ’
1738 2353 1884 2408 αὐτῷ

674 2420 860 2474 πληγεῖσ’
884 2421 1144 2475 ἀμφοτέραις
1171 2421 1287 2475 χερσὶ
1315 2421 1456 2474 κράτει
1483 2420 1687 2473 πολέμου.

462 2486 524 2524 Ab
554 2487 633 2526 hac
661 2487 797 2527 forma
827 2488 1071 2538 discrepant
1099 2488 1308 2527 Aristidea
1337 2490 1378 2527 et
1409 2487 1652 2527 Simonidea
1682 2484 1808 2537 (ΑΡ.)
1836 2483 2046 2526 hisloais:

408 2550 534 2590 Num.
567 2552 637 2591 Vs.
698 2553 807 2603 Eph.
1228 2552 1356 2592 Arist.
1688 2550 1815 2590 Anth.
1847 2549 1937 2591 Pal.

464 2617 500 2655 1.
589 2617 625 2656 1.
686 2617 732 2667 γέ
1228 2617 1270 2657 τέ
1730 2615 1778 2668 γέ

461 2681 500 2720 2.
589 2682 624 2722 1.
683 2681 818 2734 ἔνειμε
1229 2682 1365 2734 ἔκρινε
1728 2681 1864 2733 ἔνειμε

454 2854 501 2895 37)
547 2855 646 2894 Quod
669 2856 738 2888 iam
754 2857 905 2889 sensisse
924 2856 1063 2889 videtur
1081 2857 1211 2898 Bergk,
1235 2867 1317 2889 cum
1336 2856 1482 2888 verbum
1498 2854 1655 2888 ἔκτειναν
1672 2858 1830 2888 mutaret
1843 2854 1880 2888 in
1896 2850 2048 2887 &Iam-

454 2911 500 2953 38)
549 2912 597 2944 Ex
635 2912 794 2954 Ephorea
833 2922 971 2955 pugnae
1006 2912 1249 2945 Marathonius
1284 2913 1517 2954 descriptione
1550 2913 1659 2945 etiam
1693 2911 1860 2944 Suideam
1892 2906 2048 2954 glosafim

412 2966 653 3010 Κυναιγείριος
687 2969 880 3002 derivatam
916 2979 992 3002 esse
1027 2969 1179 3001 efficitur
1210 2969 1289 3002 coll.
1325 2969 1449 3002 lustin.
1486 2969 1526 3001 ll.
1560 2968 1593 3001 9.
1627 2968 1672 3001 16
1704 2967 1844 3009 (Busolt
1865 2967 1913 3000 tl.
1941 2976 1977 3000 n.
1998 2965 2047 3007 2).

414 3023 571 3066 Uterque
602 3026 696 3057 enim
729 3027 826 3059 locus
855 3035 897 3058 ea
928 3026 963 3058 in
998 3036 1034 3059 re
1065 3026 1241 3068 discrepat
1270 3025 1316 3058 ab
1347 3025 1427 3058 Her.
1454 3025 1508 3057 vi.
1540 3024 1625 3066 144,
1655 3024 1749 3067 quod
1781 3022 1947 3066 Cynegiri
1970 3024 2050 3065 poet

413 3081 572 3113 dextram
601 3082 708 3114 etiam
732 3082 874 3115 sinistra
899 3091 1026 3115 manus
1050 3082 1149 3115 navis
1171 3082 1328 3124 aplustre
1351 3080 1651 3123 comprehendens
1674 3083 1892 3123 amputatur.
