2072 3568
409 198 510 251 Cap.
549 194 606 240 11.
1202 192 1253 239 62

408 325 541 365 multo
563 323 766 365 nobilius:
789 322 981 365 omnium
1004 327 1299 365 matronarum
1321 323 1662 377 Corinthiarum,
1686 335 1799 379 qnae
1817 324 2048 380 precationi

408 391 722 441 interfuissent,
755 391 940 431 xtatuae
966 402 1145 431 aeneae.

462 457 689 497 Videamus
710 467 825 495 nunc
844 456 897 495 de
911 456 1094 496 Timaeo.
1130 457 1240 496 Eum
1261 457 1512 507 praebuisse
1532 457 1718 498 vidimus
1733 458 2049 502 Chamaeleonss

407 525 568 562 textum
607 533 630 561 a
660 521 957 572 Theopompeo
988 521 1058 572 (Α)
1089 522 1307 562 diversum
1341 520 1385 562 S.
1432 522 1691 563 Traditionis
1718 526 1862 565 autem
1891 522 1923 566 S
1950 535 2047 577 pro-

409 588 547 638 prium
578 586 712 626 fuisse
739 587 994 627 elementum
1023 591 1264 627 statuarum
1296 587 1399 638 (non
1430 587 1618 640 tabulae)
1649 589 1777 640 paulo
1799 590 1900 630 ante
1916 599 2048 643 appa·

409 653 505 692 ruit.
538 653 633 699 Qua
661 665 713 692 ex
744 664 789 692 re
817 653 1011 702 sequitur
1041 652 1408 693 Chamaeleontem
1438 653 1553 704 apud
1582 653 1802 695 Timaeum
1830 654 2048 696 invenisse

406 719 602 758 statuas.
664 718 712 757 Id
742 730 914 768 quoque
941 730 993 757 ex
1022 718 1135 757 illius
1163 721 1281 758 textu
1310 718 1630 770 epigrammatis
1657 730 1867 771 apparere
1891 718 2043 772 potest.

407 786 500 824 Non
538 784 665 824 babet
704 787 750 823 ut
787 784 1088 834 Theopompus
1125 782 1302 823 ἕστασαν
1338 782 1562 836 εὐχόμεναι
1598 783 1670 835 (Α)
1707 795 1848 836 neque
1871 786 1922 826 ut
1949 784 2047 827 Plu·

406 850 582 890 tarchus
619 848 689 900 (S)
721 847 897 889 ἕστάθεν
925 847 1172 901 εὐξάμεναι,
1214 849 1288 888 sed
1317 850 1441 899 quasi
1472 849 1653 890 mediam
1682 850 1794 891 inter
1820 853 2049 903 utramque

406 916 624 955 lectionem
663 913 838 954 ἕστάθεν
866 913 1076 966 εὔχεσθαι.
1121 914 1324 954 Neutram
1355 914 1573 955 lectionem
1604 915 1779 968 recepit;
1816 915 1933 968 quod
1959 926 2047 968 qua

406 982 459 1020 de
486 992 616 1021 causa
645 980 789 1019 fecerit
817 979 860 1019 in
889 980 1034 1030 aprico
1061 981 1138 1019 est.
1174 980 1283 1020 Vidit
1314 980 1438 1019 unice
1466 980 1545 1020 hoc
1572 980 1739 1021 donarii
1767 992 1907 1033 genus
1935 984 2048 1024 rente

406 1047 638 1086 indicatum
662 1057 757 1085 esse
780 1045 894 1096 quod
920 1046 1131 1097 legeretur
1154 1046 1270 1096 apud
1295 1046 1630 1099 Theopompum.
1662 1046 1910 1087 Aban-dum
1932 1046 2046 1088 enim

405 1114 496 1151 erat
525 1112 688 1162 fingere
716 1111 867 1150 seriem
897 1111 1032 1150 fuisse
1059 1113 1299 1151 statuarum
1328 1112 1521 1152 omnium
1549 1112 1833 1153 meretricum.
1865 1112 2046 1153 Textum

406 1180 547 1216 autem
573 1176 790 1226 praetulit,
818 1176 892 1226 qui
916 1177 1201 1226 praebebatur
1224 1177 1340 1227 apud
1364 1178 1607 1228 Timaeum,
1635 1178 1795 1229 quippe
1812 1177 1888 1229 qui
1910 1177 2047 1219 Simo—

408 1242 531 1281 nideo
569 1242 740 1281 nomine
776 1242 969 1281 munitus
1006 1242 1043 1281 ei
1074 1242 1275 1282 maiorem
1304 1242 1462 1283 habere
1489 1243 1784 1283 auctoritatem
1812 1242 2044 1284 videretur.

406 1308 500 1353 Qua
543 1308 595 1346 de
636 1318 765 1346 causa
803 1307 894 1357 ipse
933 1307 1170 1347 Zenodotea
1208 1310 1345 1347 aetate
1381 1307 1637 1359 condignam
1673 1307 1852 1349 coniecit
1885 1306 2047 1349 coniec-

406 1377 570 1423 turam,
603 1384 689 1422 qua
713 1372 871 1411 Timaei
899 1375 1017 1411 textu
1046 1373 1193 1412 leviter
1220 1375 1382 1413 mutato
1405 1373 1689 1424 Theopompei
1717 1373 1972 1415 mutantium
1999 1384 2048 1414 se

406 1438 661 1489 adepturum
678 1439 866 1488 putaret:
882 1436 1057 1477 «ε’-στάθεν
1072 1436 1270 1491 εὔχεσθαι
1284 1438 1461 1488 ‘positae
1473 1441 1590 1489 sunt,
1610 1440 1658 1478 ut
1671 1437 2042 1491 precarentur’ffl').

463 1504 488 1553 ξ
519 1504 583 1543 32.
646 1502 714 1543 De
759 1502 941 1543 Timaeo
984 1504 1125 1555 atque
1166 1503 1222 1543 de
1264 1502 1506 1544 Plutarchi
1544 1504 1672 1545 fonte
1706 1502 1764 1544 X.
1819 1504 2043 1555 Τίιιιιοιιι,

406 1582 502 1609 cum
541 1570 594 1609 de
630 1570 871 1619 precatione
902 1569 971 1608 illa
1000 1570 1251 1620 dissereret,
1294 1570 1485 1609 notitiam
1515 1581 1638 1610 suam
1666 1572 1743 1610 aut
1769 1569 1947 1621 Ephoro
1970 1571 2048 1611 aut

406 1636 679 1686 Theopompo
715 1634 908 1674 debuerit
946 1646 1118 1675 necesse
1149 1638 1226 1675 est.
1273 1636 1425 1685 Itaque
1451 1636 1568 1686 apud
1595 1647 1694 1676 eum
1721 1634 1869 1676 eadem
1897 1645 2046 1676 narra·

407 1702 533 1740 tionis
570 1701 773 1739 elementa
812 1700 1077 1750 eandemque
1108 1701 1429 1752 epigrammatis
1457 1702 1727 1742 traditionem
1754 1700 2047 1752 expectaveris

407 1769 535 1816 atque
576 1766 690 1816 apud
728 1766 821 1805 illos
862 1766 988 1815 (trad.
1031 1767 1084 1805 A:
1124 1778 1237 1806 nom.
1280 1769 1428 1817 poetae
1463 1768 1695 1818 omissum,
1735 1777 1917 1818 uxores,
1954 1765 2041 1808 tab.

408 1830 541 1881 pict).
580 1832 630 1870 At
658 1843 755 1870 eum
785 1832 1054 1871 traditionem
1086 1832 1116 1871 S
1145 1833 1393 1872 exhibuisse
1418 1833 1502 1872 iam
1533 1833 1719 1872 vidimus
1746 1833 1790 1872 in
1821 1830 1850 1885 θ
1877 1842 2046 1883 praece·

407 1897 535 1935 denti.
583 1897 733 1946 Itaque
771 1896 807 1935 is
841 1909 1012 1946 quoque
1039 1898 1149 1936 duos
1176 1898 1281 1937 adiit
1309 1898 1471 1949 fontes,
1512 1910 1698 1948 quorum
1725 1899 1930 1949 alterum,
1970 1897 2046 1948 qui

406 1962 675 2001 traditionem
720 1962 749 2002 S
790 1965 1148 2012 repraesentaret,
1194 1964 1448 2013 praetulisse
1485 1964 1654 2004 videtur
1690 1964 1834 2014 alteri,
1877 1963 1922 2004 in
1957 1973 2045 2014 qua

406 2029 667 2078 epigramma
696 2039 959 2078 anonymum
988 2029 1347 2068 circumferretur.
1385 2030 1451 2068 Ex
1483 2029 1512 2069 S
1543 2030 1699 2080 recepit
1725 2027 2045 2080 epigrammatis

406 2095 591 2141 textum,
639 2104 792 2132 nomen
836 2096 1003 2143 poetae,
1050 2096 1216 2133 statuas
1258 2106 1425 2134 aeneas.
1473 2095 1523 2134 In
1567 2095 1692 2134 tertio
1731 2094 1940 2140 elemento
1980 2092 2044 2145 (in

407 2158 631 2208 matronis)
662 2160 845 2208 utraque
872 2159 1045 2198 traditio
1073 2160 1375 2199 consentiebat.
1569 2158 1573 2164 ’

462 2223 677 2263 Plutarchi
706 2224 845 2263 fontes
874 2236 972 2263 cum
999 2226 1311 2276 examinarem,
1352 2226 1440 2265 dixi
1468 2226 1640 2266 duobus
1666 2237 1766 2266 eum
1793 2236 1921 2266 usum
1949 2235 2047 2266 esse

406 2289 676 2340 auctoribus,
709 2301 894 2339 quorum
919 2291 1025 2330 alter
1048 2292 1277 2341 pertineret
1299 2291 1354 2331 ad
1378 2291 1648 2331 traditionem
1672 2291 1728 2341 A,
1754 2301 1883 2341 quem
1904 2290 2045 2331 littera

407 2356 441 2393 Y
471 2355 741 2406 designatum
771 2356 993 2405 Ephorum
1022 2356 1157 2395 fuisse
1184 2357 1384 2407 apparuit
1409 2355 1436 2408 ἓ
1461 2356 1535 2406 29,
1568 2357 1674 2396 alter
1696 2355 1752 2396 ad
1773 2355 2045 2396 traditionem

410 2420 463 2470 S,
508 2432 635 2470 quem
678 2421 816 2460 littera
856 2422 890 2459 X
929 2421 1161 2461 indicatum
1200 2422 1389 2461 nondum
1428 2425 1543 2462 certo
1580 2421 1778 2472 scriptori
1812 2420 2046 2462 attribuere

408 2486 637 2535 potuimus.
672 2487 846 2525 Fontem
873 2486 991 2525 illum
1020 2487 1053 2525 X
1080 2487 1308 2526 Plutarcho
1332 2487 1583 2537 praebuisse
1603 2487 1798 2526 vidimus·
1812 2485 2045 2534 Simonidis

409 2564 560 2590 nomen
579 2583 588 2601 ,
644 2555 836 2602 statuas,
887 2552 1207 2602 epigrammatis
1252 2555 1416 2591 textum
1462 2552 1517 2591 ab
1565 2552 1762 2602 Ephoreo
1805 2551 2040 2592 diversum,

410 2618 602 2656 Eundem
642 2618 798 2656 fontem
837 2617 1038 2656 debuisse
1075 2617 1265 2656 notitiam
1300 2617 1555 2667 precationis
1582 2617 1884 2656 constituimus
1910 2616 2044 2656 Theo-

409 2695 563 2733 pompo
611 2683 674 2722 vel
723 2683 855 2733 (quod
901 2694 1016 2721 nune
1057 2683 1166 2721 idem
1208 2694 1303 2722 esse
1344 2683 1530 2732 scimus,
1581 2683 1681 2732 quia
1724 2682 2045 2733 Theopompeae

408 2748 641 2787 narrationi
670 2748 876 2787 elementa
904 2747 1049 2787 eadem
1080 2748 1250 2787 fuerant
1277 2760 1388 2797 quae
1417 2747 1656 2798 Ephoreae)
1687 2747 1860 2797 Ephoro
1881 2746 1951 2798 ³⁷).

450 2914 497 2947 ²³⁶)
545 2914 643 2946 FHG.
670 2914 693 2946 l.
718 2913 783 2946 20⁴
807 2914 939 2947 Timaei
965 2914 1006 2946 fr.
1029 2914 1073 2946 57
1098 2915 1247 2956 priorem
1272 2918 1413 2947 tantum
1437 2915 1608 2947 Athenaei
1630 2914 1694 2947 loci
1715 2918 1850 2956 partem
1869 2914 2043 2956 compiec-

408 2972 497 3003 titm·
521 2981 634 3013 nsque
657 2972 699 3003 aei
727 2971 831 3004 verba
853 2968 1020 3002 ἐλθοῦσαι
1047 2968 1146 3002 νεών.
1174 2970 1312 3003 Omissa
1336 2971 1445 3013 igitur
1468 2976 1553 3003 sunt
1575 2981 1617 3003 ea
1640 2981 1734 3013 quae
1757 2980 1878 3003 revera
1898 2970 2043 3003 ‘Timaeo

408 3029 509 3060 debet
533 3028 744 3060 Clnunaeloo
767 3039 813 3060 sc.
839 3038 965 3060 nomen
991 3028 1180 3060 Simonidi<
1202 3032 1240 3060 et
1262 3028 1527 3069 epigrammatis
1551 3032 1699 3060 textum.

451 3083 498 3124 ²37)
544 3084 692 3117 Nostrae
716 3095 800 3117 sane
824 3085 1059 3128 disquisitioni
1086 3085 1229 3127 perinde
1252 3089 1325 3126 est,
1348 3084 1618 3128 Theopompone
1637 3095 1682 3117 an
1703 3084 1838 3126 Epuom
1856 3084 2043 3120 Timaeum
