2072 3568
0 0 18 108 vana-'¹-

23 67 24 70 ‘
27 15 30 17 ν
20 3 32 8 ἶ

0 1677 13 1694 -ς
0 1630 3 1653 --
0 1519 10 1623 *avum-s

904 221 949 260 11
1540 223 1565 276 g
1596 225 1643 274 9,
1679 225 1740 264 10.

109 344 218 383 sisse
244 344 347 383 mihi
375 345 562 394 videtur,
595 357 722 395 quem
748 346 945 396 apparuit
971 347 1199 386 nonnullos
1225 348 1340 387 viros
1365 349 1510 387 doctos
1535 350 1740 400 movisse,

108 411 156 448 ut
198 410 582 449 sententiunculam
624 410 917 460 interpositam
960 411 1044 458 ἔξω
1090 435 1133 440 —-
1179 411 1422 464 ἐπίγραμμα
1462 426 1628 453 omnem
1668 427 1745 465 pro

108 474 224 515 scioli
243 475 492 514 emblemate
512 475 730 514 haberent.
765 476 882 521 Quos
903 479 1042 515 autem
1064 478 1132 516 ille
1152 479 1423 517 accusativus
1446 491 1528 517 non
1550 480 1740 529 offendit,

107 539 135 578 ii
177 540 246 579 alii
287 541 407 579 aliter
448 541 780 590 explicaverunt.
830 542 1026 581 Editores
1068 544 1120 582 de
1162 544 1378 582 Herodoto
1415 545 1570 594 optime
1608 545 1743 583 meriti

110 595 227 645 Stein
255 608 296 644 et
323 606 474 645 Abicht
503 607 795 645 accusativum
824 608 1009 656 pendere
1039 609 1117 647 rati
1148 611 1249 648 sunt
1278 622 1301 648 a
1333 610 1462 648 verbo
1487 608 1739 660 ἐπικοσμεῖν,

106 671 221 720 quod
261 671 437 709 verbum
476 671 768 710 accusativum
803 673 866 726 'rei
906 684 1051 722 regere
1089 685 1214 722 posse
1250 675 1562 713 existimabant.
1610 675 1743 714 Cuius

107 747 214 774 usus
251 737 491 786 exemplum
531 747 668 785 neque
705 737 893 775 afferunt
928 749 1086 787 neque,
1128 739 1300 788 opinor,
1343 740 1499 778 afferre
1528 742 1741 790 poterant:

105 801 186 839 dici
223 801 335 839 enim
375 802 521 850 nequit
549 800 791 852 ἐπικοσμεῖν
819 800 905 841 τινά
934 817 967 841 τι
997 815 1074 853 pro
1103 802 1190 843 τινά
1220 818 1292 843 τινι
1322 803 1387 855 10).
1435 806 1580 854 Neque
1610 805 1743 855 placet

109 866 272 905 Sitzleri
307 867 550 916 explicatio,
593 868 666 916 qui
697 868 775 907 hoc
805 868 894 906 loco
923 870 1018 917 post
1048 867 1132 914 ἔξω
1164 869 1187 920 ἢ
1217 870 1509 908 attractionem
1539 871 1741 910 omissam

105 943 200 970 esse
227 934 371 981 putat,
411 935 457 971 ut
487 944 811 982 nonnumquam
842 933 890 971 fit
919 935 1014 982 post
1043 935 1380 983 comparativum
1410 947 1505 974 cum
1536 936 1742 984 particula

107 995 131 1047 ἢ
169 998 296 1046 atque
333 999 429 1046 post
467 995 625 1047 ὥσπερ.
675 998 819 1036 Kaibel
858 999 1062 1037 Herodoti
1102 999 1229 1037 menti
1267 1000 1443 1038 verbum
1473 999 1738 1051 ἐπιγράφειν,

105 1062 219 1111 quod
248 1063 536 1112 consequitur,
569 1063 653 1101 iam
682 1063 957 1102 obversatum
986 1075 1080 1102 esse
1109 1064 1355 1103 arbitratur.
1396 1066 1448 1104 Ut
1479 1066 1570 1104 viro
1599 1066 1741 1105 claris-

105 1127 213 1167 simo
256 1128 454 1167 assentiri
498 1128 598 1166 mihi
642 1129 788 1167 videor
829 1141 877 1167 ea
920 1129 963 1167 in
1007 1141 1073 1179 re,
1120 1130 1234 1179 quod
1278 1130 1454 1168 verbum
1499 1130 1742 1182 ἐπιγράφειν

107 1191 191 1242 (vel
229 1193 370 1242 potius
408 1193 667 1233 inscribendi
698 1194 929 1244 notionem)
961 1207 1056 1234 esse
1084 1195 1127 1233 in
1157 1207 1286 1234 causa
1316 1196 1494 1246 iudicat,
1537 1197 1593 1235 ita
1622 1197 1742 1236 aliter

106 1269 192 1296 rem
231 1259 524 1308 explicandam
559 1271 697 1309 neque
726 1260 991 1299 Herodotum
1020 1261 1236 1311 liberiore,
1280 1263 1325 1300 ut
1354 1261 1421 1300 ille
1452 1262 1562 1311 vult,
1606 1264 1741 1300 struc-

104 1325 200 1362 tura
243 1336 370 1363 usum
413 1325 485 1364 sed
530 1325 779 1364 necessitate
815 1328 1007 1365 coactum
1046 1327 1337 1366 accusativum
1376 1339 1452 1376 pro
1490 1327 1633 1366 dativo
1671 1339 1741 1376 po-

105 1389 244 1428 suisse
271 1392 388 1439 puto.

158 1454 264 1494 Mira
302 1467 406 1494 sane
445 1467 512 1494 res
551 1458 679 1505 atque
716 1468 739 1495 a
774 1453 1081 1495 consuetudine
1110 1457 1347 1496 abhorrens
1377 1457 1592 1496 Herodoto
1620 1470 1739 1496 enar-

104 1520 238 1559 randa
275 1523 385 1560 erat:
429 1521 610 1560 alterum
649 1522 691 1559 in
732 1522 840 1560 vatis
880 1523 1126 1560 memoriam
1164 1523 1366 1561 statuisse
1403 1523 1596 1572 cippum,
1643 1523 1740 1561 alte-

104 1596 199 1624 rum
228 1586 546 1636 inscriptionem
574 1586 890 1625 inscribendam
919 1588 1150 1626 curavisse.
1188 1588 1293 1626 Nam
1324 1590 1411 1626 tam
1439 1590 1530 1626 arte
1558 1600 1741 1626 conexae

103 1653 224 1690 erant
261 1652 446 1690 actiones
481 1652 591 1702 cippi
621 1652 835 1691 statuendi
865 1654 992 1701 atque
1019 1653 1306 1702 inscriptionis
1336 1653 1651 1702 inscribendae,
1695 1654 1739 1691 ut

47 1736 50 1738 v
105 1716 175 1755 vix
212 1717 441 1766 quisquam
479 1717 654 1767 cogitari
692 1719 857 1767 posset,
901 1718 973 1767 qui
1011 1718 1198 1757 defuncti
1238 1719 1483 1757 memoriam
1512 1718 1740 1757 celebraret

103 1781 209 1831 pila,
255 1782 323 1821 cui
361 1782 679 1832 inscriptionem
718 1783 1042 1832 insculpendam
1081 1783 1206 1821 simul
1247 1795 1331 1822 non
1371 1785 1560 1833 curaret,
1603 1795 1740 1832 neque

103 1846 354 1897 quisquam,
401 1848 475 1897 qui
513 1849 775 1898 epitaphium
814 1849 1035 1888 columnae
1074 1849 1343 1888 incidendum
1383 1849 1567 1898 iuberet,
1610 1860 1738 1897 quam

102 1912 193 1962 ipse
216 1924 301 1951 non
326 1914 539 1963 posuisset
560 1913 625 1964 11).
662 1914 731 1953 Sic
755 1916 895 1953 autem
920 1915 1079 1953 factum
1105 1917 1190 1964 est,
1225 1917 1271 1953 ut
1294 1915 1547 1963 locutiones,
1581 1913 1738 1962 quibus

102 1979 284 2027 utraque
329 1979 612 2018 denotabatur
658 1980 792 2029 actio,
843 1980 1047 2029 paulatim
1096 1980 1340 2029 primariam
1386 1979 1737 2029 significationem

102 2043 366 2082 extenderint
394 2043 474 2094 ita,
508 2046 554 2083 ut
579 2046 709 2084 altera
735 2045 908 2083 alterius
934 2045 1145 2084 notionem
1172 2045 1214 2083 in
1240 2057 1285 2083 se
1310 2045 1510 2094 reciperet
1535 2044 1739 2093 alterique

103 2119 342 2159 synonyma
371 2109 480 2148 facta
510 2111 678 2148 mortuo
708 2110 969 2148 monumenti
999 2109 1220 2148 dedicandi
1251 2110 1462 2148 notionem
1486 2111 1734 2147 assumeret.

158 2173 203 2212 Si
233 2174 300 2213 cui
328 2174 458 2224 igitur
487 2175 718 2214 necessitas
747 2175 1019 2214 oboriebatur
1048 2175 1141 2213 illas
1171 2175 1279 2213 duas
1304 2176 1489 2213 actiones
1514 2173 1738 2212 divellendi

102 2240 142 2278 et
170 2239 342 2289 proprio
371 2251 501 2278 sensu
533 2241 770 2290 usurpandi
799 2240 1053 2289 locutiones,
1086 2240 1244 2289 quibus
1274 2240 1367 2278 illae
1395 2239 1580 2278 actiones
1610 2238 1737 2287 signi-

102 2303 355 2354 ficabantur,
389 2305 623 2355 periculum
653 2307 762 2354 erat,
797 2317 849 2343 ne
878 2317 1029 2354 parum
1061 2305 1387 2354 intellegeretur.
1423 2305 1504 2341 Pro
1534 2306 1646 2342 certo
1675 2305 1738 2341 cst

103 2369 311 2408 neminem
351 2371 615 2410 Herodotum
654 2371 966 2410 intellecturum
1005 2371 1159 2419 fuisse,
1203 2370 1237 2408 si
1267 2370 1555 2408 dedicatorum
1586 2369 1736 2407 miram

102 2434 388 2474 condicionem
436 2437 728 2486 proposuisset
776 2436 855 2475 sic:
899 2434 1201 2487 Ἀμιφικτύονὲς
1248 2434 1320 2473 εἶσι
1364 2434 1403 2473 οἱ
1445 2433 1737 2474 ἀναθέντες

102 2511 176 2550 σφι
222 2498 414 2551 στήλας
455 2499 526 2540 καὶ
568 2501 608 2541 οἱ
650 2500 1051 2553 ἕπιγράψαντές
1093 2515 1166 2552 σφι,
1210 2498 1592 2551 ἐπιγράμματα
1636 2498 1736 2543 ἔξω

103 2562 128 2615 ἢ
166 2561 212 2603 τὸ
249 2566 338 2604 τοῦ
375 2563 598 2616 μάντιος
635 2565 962 2618 ἐπίγραμμα.
1010 2564 1054 2604 τὸ
1095 2564 1139 2605 δὲ
1177 2567 1249 2605 τοῦ
1286 2562 1456 2615 μάντιος
1494 2563 1735 2615 ἐπίγραμμα

101 2624 347 2681 Σιμωνίόης
384 2628 465 2670 ἐστὶ
503 2629 526 2669 ὁ
564 2629 815 2683 ἐπιγράψας.
863 2632 1013 2680 Itaque
1041 2630 1275 2680 exquisitae
1303 2629 1534 2668 locutiones
1563 2629 1672 2667 duae
1700 2628 1735 2666 ei

101 2694 403 2744 excogitandae
439 2698 582 2746 erant,
625 2697 783 2746 quibus
822 2697 878 2735 ita
909 2698 1090 2745 utraque
1119 2696 1226 2734 actio
1256 2697 1496 2743 notaretur,
1539 2696 1584 2732 ut
1612 2705 1737 2732 omne

146 2865 192 2906 ¹⁰)
239 2867 315 2906 Qua
351 2878 385 2900 re
419 2869 639 2901 accusativus
673 2869 853 2901 adhibitus
889 2869 933 2900 sit
967 2879 1025 2909 pro
1059 2869 1192 2907 dativo,
1229 2869 1324 2900 stein
1359 2869 1405 2899 sic
1439 2869 1610 2909 explicare
1644 2869 1735 2899 vult:

103 2919 175 2955 ‘das
206 2923 421 2965 regeli'echtc
454 2927 503 2966 τῷ
531 2949 536 2956 .
565 2949 570 2955 .
599 2949 604 2955 .
634 2949 638 2955 .
665 2922 897 2967 ἐπιγράμματι
926 2926 1043 2957 wiirde
1069 2926 1146 2957 eine
1175 2925 1394 2965 nnzumssigv
1422 2925 1620 2964 liczielmng
1645 2925 1733 2955 ancli

103 2978 214 3012 dieser
241 2980 404 3013 lusclirist
428 2982 492 3014 aus
512 2978 623 3023 σφέας
649 2981 847 3014 bewirken'.

145 3033 192 3075 ¹1)
240 3036 331 3069 llaec
363 3037 436 3079 ipsa
469 3048 522 3070 res
554 3042 624 3078 est,
659 3048 722 3070 cur
756 3038 929 3069 llanvette
963 3037 1066 3068 verbu
1100 3038 1245 3077 traditu,
1277 3048 1367 3078 ιμιιιο
1401 3038 1536 3077 inu-gra
1566 3047 1638 3068 esse
1665 3038 1734 3077 ipse

103 3092 291 3133 concessit,
313 3093 364 3125 ita
388 3094 609 3135 tractaverit,
635 3094 735 3135 quasi
761 3094 972 3126 emblemate
998 3098 1115 3125 essent
1141 3094 1343 3135 inquinata,
1368 3094 1409 3125 «ts.
1436 3092 1452 3133 ξ
1477 3092 1505 3124 7.
