2072 3568
918 233 995 273 203
1490 233 1515 285 ξ
1548 235 1644 285 120,
1680 235 1768 274 121.

137 359 284 410 legunt
319 357 506 409 ἵστασαν)
546 370 686 423 neque
721 360 940 398 matronas
980 357 1142 409 (debuit
1179 370 1327 398 servas
1362 357 1590 410 Venereas)
1628 360 1773 399 Corin-

137 425 248 465 thias
285 425 406 464 deam
441 425 729 474 comprecatas
758 435 853 463 esse
880 424 1175 474 constitueret,
1217 424 1291 463 sed
1318 424 1377 462 illi
1406 424 1632 463 donarium
1661 425 1774 464 dedi-

51 475 71 547 {3
137 501 257 530 casse
287 489 357 541 (cf.
389 489 414 542 ς
445 490 497 529 30
527 502 568 528 n.
597 488 682 540 31).

149 583 157 586 -
189 556 335 605 Neque
375 555 490 595 unde
526 555 762 593 Aristotelis
802 555 964 593 venerit
1001 566 1155 594 nomen
1174 585 1184 604 ,
1231 555 1387 604 Preger
1425 555 1661 604 explicavit.
1708 555 1774 593 Ex

40 610 74 667 Ῑς
140 620 308 661 Scholio
349 620 574 659 Pindarico
617 631 703 658 non
745 620 948 669 accessit,
994 620 1038 658 in
1083 632 1168 669 quo
1210 632 1275 669 ep.
1317 622 1462 670 utpote
1502 620 1546 658 in
1589 620 1698 658 trad.
1740 620 1774 658 A

137 697 399 736 anonymum
428 686 531 724 erat.
564 685 616 723 Ni
645 685 782 735 fallor,
814 696 882 734 ap.
909 685 1028 724 Lasc.
1055 685 1239 724 duorum
1269 685 1537 724 diversorum
1566 685 1773 735 epigram-

39 744 58 788 ,ἶ
136 752 299 790 matum
334 750 481 789 titulos
519 762 622 789 casu
660 739 1145 790 coniu'nctoshabemus
1175 762 1233 789 sc.
1261 750 1431 789 titulum
1464 750 1694 789 Simonidei
1723 761 1774 788 ex

139 815 279 867 Schol.
313 816 434 854 Pind.
468 815 644 865 petitum
678 812 918 865 ἐλεγεῖον
947 835 997 841 —-
1026 811 1269 864 Κορίνθου,
1311 816 1438 863 atque
1465 814 1645 852 titulum*
1665 814 1774 853 alius

37 876 54 922 ἷ-
135 881 453 932 epigrammatis
483 878 797 931 ἐπίγραμμα
819 877 1148 930 Ἀριστοτέλους,
1181 892 1268 930 quo
1295 880 1459 918 nullum
1490 879 1571 918 nisi
1600 880 1773 918 unicum

49 935 59 945 ²
136 947 372 986 Aristotelis
400 958 465 996 ep.
498 946 542 983 in
573 945 792 983 Hermiam
821 945 1004 984 Atarnea
1036 944 1178 995 (Preg.
1214 943 1329 994 163),
1363 944 1478 993 quod
1506 944 1621 993 apud
1653 944 1770 993 Diog.

42 999 60 1058 s,-
138 1013 274 1052 Laert.
310 1012 358 1051 V.
401 1011 425 1050 6
463 1011 682 1049 servatum
720 1011 806 1059 est,
847 1009 1063 1060 designari
1101 1011 1252 1060 potest.
1300 1009 1511 1055 Quoniam
1547 1021 1695 1048 revera
1730 1009 1772 1047 in

38 1076 58 1115 J
136 1077 318 1117 eundem
346 1076 532 1116 codicem
563 1074 622 1125 (p.
648 1073 876 1125 101-110)
908 1076 1141 1115 sententias
1170 1077 1297 1125 atque
1325 1076 1563 1125 fragmenta
1593 1075 1774 1124 philoso—

47 1139 56 1197 f
137 1142 318 1193 phorum
357 1153 409 1180 ex
447 1141 634 1191 Diogene
668 1140 838 1179 collecta
869 1141 1046 1190 recepit,
1090 1141 1285 1190 suspicor
1314 1140 1515 1180 Lascarin
1545 1140 1655 1178 foliis
1684 1140 1774 1188 qui-

137 1207 316 1247 busdam
356 1206 669 1257 praetermissis
706 1205 750 1244 in
789 1217 957 1245 summa
993 1206 1083 1244 cod.
1114 1218 1153 1255 p.
1186 1205 1258 1245 131
1289 1206 1513 1245 incohasse
1541 1205 1775 1243 Aristotelis

136 1283 220 1323 ep.,
261 1272 339 1311 sed*
369 1282 514 1311 errore
547 1270 756 1321 patefacto
785 1270 962 1310 rediisse
990 1271 1044 1309 ad
1073 1282 1164 1309 eam
1195 1271 1422 1321 paginam,
1464 1272 1578 1310 unde
1606 1271 1774 1327 aberra-

138 1337 282 1377 visset.
316 1337 456 1376 Titulo
484 1347 567 1375 non
599 1347 722 1374 eraso
751 1337 897 1386 postea
926 1336 1120 1375 adiunxit
1149 1335 1318 1374 titulum
1347 1348 1411 1386 ep.
1443 1336 1530 1375 137.

192 1402 368 1443 Codex
405 1402 613 1441 LXXIX
642 1402 809 1450 praeter
837 1401 918 1440 alia
948 1401 1200 1441 collectanea
1228 1402 1413 1440 continet
1442 1413 1537 1440 cum
1567 1402 1774 1451 epigram-

137 1470 251 1509 mata
293 1468 374 1507 alia
417 1469 509 1506 tum
550 1467 631 1506 tria
669 1466 1046 1516 Thermopylensia
1089 1466 1162 1516 91,
1204 1466 1277 1516 92,
1320 1467 1383 1506 94.
1430 1467 1592 1505 Nomen
1630 1468 1776 1515 poetae

46 1545 54 1579 ·;
139 1544 225 1572 non
254 1533 462 1572 adiectum
492 1534 576 1581 est,
609 1543 871 1580 quamquam
901 1531 999 1570 fons
1027 1533 1092 1570 est
1117 1532 1319 1570 Herodoti
1345 1532 1463 1571 locus
1487 1531 1775 1570 conclamatus

39 1599 63 1626 s
138 1598 231 1638 VII.
278 1598 370 1638 228.
417 1597 558 1636 Lectio
599 1595 792 1636 κλειτοῖο
837 1595 919 1647 (ep.
961 1595 1076 1646 94,1)
1121 1597 1241 1636 docet
1285 1597 1485 1636 Lascarin
1529 1596 1776 1635 adhibuisse

138 1663 321 1706 codicem
351 1663 640 1702 Herodoteum
660 1662 838 1712 ,generis
866 1661 894 1712 β
925 1660 1160 1712 (κλεινοῖο,
1195 1674 1290 1712 gen.
1324 1661 1384 1712 α).
1424 1661 1587 1700 Iniuria
1616 1661 1775 1710 aliquid

42 1728 62 1755 ’-
138 1729 286 1769 tribuit
330 1727 606 1778 Stadtmiiller
650 1726 723 1778 (ad
765 1728 846 1766 ΑΡ.
889 1728 982 1766 VII.
1025 1727 1121 1777 248)
1165 1728 1256 1766 eius
1298 1727 1464 1766 lectioni
1508 1725 1776 1777 τριακοσίαις

140 1793 223 1846 (ep.
243 1794 291 1834 91
323 1807 362 1833 v.
385 1793 442 1844 1),
475 1805 586 1843 quae
613 1805 876 1842 quamquam
905 1793 1021 1832 haud
1050 1793 1179 1832 dubie
1207 1793 1249 1831 in
1279 1793 1417 1842 lapide
1440 1793 1534 1842 ipso
1557 1792 1776 1842 legebatur

141 1859 252 1910 (test.
290 1862 427 1899 cetera
464 1857 768 1910 τριηκοσίαις),
802 1858 917 1908 apud
948 1859 1067 1898 Lasc.
1097 1860 1236 1897 tamen
1266 1870 1317 1898 ex
1346 1859 1426 1897 hac
1453 1858 1685 1907 depravata
1713 1859 1776 1896 est

41 1926 47 1936 ”
85 1937 91 1942 ·
141 1923 211 1976 (cf.
242 1923 268 1976 ξ
301 1925 376 1964 139
404 1922 518 1974 fin.).
552 1925 661 1974 Epp.
690 1923 739 1962 91
770 1925 810 1963 et
838 1924 889 1963 92
918 1924 1043 1962 etiam
1073 1924 1153 1974 legi
1182 1924 1226 1962 in
1255 1924 1345 1963 cod.
1371 1923 1505 1962 XXIV
1533 1923 1615 1961 sub
1639 1923 1775 1961 Alcaei

139 1990 309 2029 nomine
346 1990 550 2038 vidimus;
590 1989 670 2028 hoc
705 2001 770 2045 ep.
809 1989 853 2027 in
892 1990 1039 2028 nostro
1077 1989 1168 2028 cod.
1202 1989 1244 2027 in
1275 1989 1411 2027 forma
1440 1988 1491 2026 A¹
1525 1986 1690 2038 (Her.)‚
1732 1988 1774 2025 in

137 2055 207 2094 illo
234 2054 279 2094 in
307 2055 444 2094 forma
476 2054 505 2093 S
537 2054 682 2105 (Anth.
711 2052 854 2103 Plan.)
884 2054 1115 2093 invenitur.

725 2190 790 2230 32.
852 2198 1178 2229 IMITATIONES.

195 2314 220 2367 g
254 2315 341 2354 121.
404 2315 470 2356 De
497 2314 820 2355 imitationum
850 2313 1241 2365 inquirendarum
1272 2313 1480 2353 consilio.
1543 2315 1593 2353 In
1631 2315 1775 2363 dispu-

139 2381 296 2420 tatione
333 2383 479 2419 nostra
517 2380 570 2419 de
606 2380 777 2419 testium
815 2380 1171 2431 epigrammatum
1209 2379 1550 2419 Simonideorum
1586 2380 1775 2418 fontibus

140 2457 224 2485 non
264 2446 549 2496 neglegendae
587 2447 688 2484 sunt
729 2445 1069 2484 Simonideorum
1105 2445 1458 2495 epigrammatum
1490 2443 1777 2483 imitationes

139 2522 235 2551 cum
265 2512 308 2549 in
338 2511 688 2560 inscriptionibus
718 2513 809 2550 tum
838 2511 880 2549 in
910 2510 1229 2561 epigrammatis
1259 2510 1473 2549 litterariis
1502 2509 1663 2548 obviae.
1712 2510 1775 2547 Ex

61 2577 68 2584 '
139 2576 221 2614 illis
258 2575 420 2615 discere
457 2588 711 2626 possumus,
753 2588 984 2626 quamnam
1024 2576 1313 2615 auctoritatem
1354 2587 1450 2614 cum
1481 2575 1523 2613 in
1553 2575 1777 2614 traditione

140 2641 379 2690 antiquiore
406 2653 620 2691 anonyma
649 2643 740 2680 tum
770 2642 812 2680 in
844 2642 1075 2680 recentiore
1106 2641 1348 2680 Simoniden
1377 2653 1471 2690 epp.
1496 2652 1566 2689 ea,
1600 2652 1710 2689 quae
1733 2640 1775 2678 in

51 2719 65 2739 τ
142 2705 314 2756 Sylloge
353 2705 595 2745 Simonidca
633 2707 864 2756 composita
902 2708 1050 2754 crant,
1092 2706 1134 2744 in
1165 2707 1324 2746 Graec‘a
1354 2706 1468 2755 poesi
1498 2705 1775 2755 epigramma-

141 2770 220 2810 tica
263 2770 502 2810 habuerint.
550 2771 643 2816 Qua
687 2783 732 2810 re
773 2771 864 2810 fieri
904 2773 1063 2821 potest,
1111 2774 1157 2810 ut
1194 2772 1234 2810 et
1275 2771 1471 2821 Syllogae
1511 2770 1777 2809 Simonideae

141 2835 425 2875 attribuamus
475 2836 810 2887 epigrammata,
866 2848 976 2886 quae
1027 2848 1078 2875 ex
1131 2836 1386 2885 scriptorum
1439 2835 1774 2874 testimoniorum

140 2900 450 2940 examinatione
487 2901 545 2939 illi
574 2901 797 2951 assignare
826 2913 911 2940 non
942 2901 1180 2950 potuimus,
1221 2903 1262 2939 et
1292 2901 1516 2950 vestigium
1546 2900 1775 2948 deprehen-

141 2964 294 3004 damus
322 2965 561 3004 traditionis
591 2966 624 3004 A
652 2966 1030 3015 epigrammatum,
1072 2977 1255 3015 quorum
1285 2966 1399 3015 apud
1430 2965 1657 3014 scriptores
1686 2966 1775 3003 tan-

141 3030 230 3068 tum
261 3030 431 3069 traditio
462 3030 491 3069 S
521 3033 691 3070 servata
719 3033 796 3069 est.

196 3094 377 3133 Distinxi
415 3096 501 3134 tres
539 3095 822 3135 imitationum
860 3097 1040 3145 aetates,
1082 3106 1265 3144 quarum
1302 3095 1344 3133 in
1380 3094 1460 3133 alia
1490 3095 1614 3133 aliam
1644 3094 1777 3132 fuisse
