2072 3568
320 250 420 299 Cap.
457 247 545 298 111,
578 248 749 287 29—31.
850 279 856 286 .
1096 247 1176 287 200

319 373 359 412 in
401 372 515 411 nulla
551 372 681 411 huius
709 371 1029 422 epigrammatis
1058 371 1194 411 iorma
1224 371 1309 422 (A',
1342 370 1409 422 A’,
1441 371 1510 423 Μ,
1545 371 1593 423 S)
1622 372 1680 413 ita
1707 372 1959 415 coninua-0
2040 359 2056 375 ζ

319 438 608 477 inveniuntur.
655 438 760 477 Tres
798 439 964 476 tantum
1003 437 1230 476 varietates
1268 436 1324 487 (1.
1356 437 1394 477 9.
1431 436 1497 487 10)
1536 437 1699 479 formae
1726 437 1960 480 Dlodomo

318 504 368 542 A·
398 503 672 552 exhibentur,
705 504 867 542 ceterae
894 513 1043 541 omnes
1073 502 1235 542 formae
1263 502 1316 541 Α*
1347 502 1455 552 (var.
1482 502 1522 542 2.
1551 502 1590 543 3.
1615 503 1654 543 5.
1678 502 1717 543 6.
1743 503 1782 544 7.
1805 503 1845 544 8.
1871 501 1955 558 11).
2060 558 2061 561 Ἰ

318 569 600 608 Luculentum
638 568 768 619 igitur
806 570 871 607 est
900 567 1125 607 Arsenium
1155 567 1273 607 iuxta
1305 568 1534 608 Diodorum
1565 579 1803 620 usurpasse
1827 568 1959 611 tradi-

317 635 472 673 tionem
501 633 568 684 A’,
601 645 712 683 quae
738 633 774 672 ei
805 633 896 671 sive
922 644 974 672 ex
1003 632 1138 683 patris
1161 632 1368 683 opusculo
1394 631 1439 685 (ἕ
1468 632 1560 684 117)
1585 633 1677 674 sive
1698 645 1752 674 ex
1777 633 1959 676 Seholiiu
2047 640 2070 683 7ἰ

317 699 370 739 ad
396 698 647 739 Aristideam
671 710 733 738 or.
754 698 933 738 Panath.
954 700 1052 738 nota
1069 697 1137 747 159)
1162 697 1395 738 Diodoreae
1416 698 1694 749 praeferenda
1715 699 1809 741 vien
1826 700 1955 742 esset

318 765 405 804 Cur
444 775 544 803 vero
581 763 837 803 Aristideum
876 765 1038 803 textum
1076 761 1160 814 (A')
1197 774 1282 803 non
1312 763 1527 815 integrum
1556 762 1742 815 recepit?
1785 764 1959 807 Diodori
2044 763 2052 766 ”

318 829 472 868 scilicet
514 831 676 868 textum
719 840 743 868 a
786 830 904 868 textu
947 828 1027 868 sibi
1070 828 1267 868 familiari
1308 828 1362 868 A·
1398 828 1618 869 diversum
1654 840 1751 870 esse
1784 829 1958 871 demum

317 894 638 944 animadvertit,
680 896 908 944 postquam
947 894 1062 945 apud
1100 894 1218 933 illum
1256 905 1335 945 pro
1372 892 1510 946 ἔκρινε
1547 893 1630 945 (A⁸,
1663 906 1755 936 var.
1785 893 1829 947 2)
1856 894 1959 948 legit

317 958 462 1010 ἔνειμε.
492 960 599 999 Nam
623 959 738 1010 quod
765 971 849 999 non
872 959 1173 999 animadvertit
1194 959 1523 1010 discrepantiam
1545 960 1587 999 in
1611 971 1703 1000 var.
1724 959 1744 1001 1
1766 958 1814 1008 ἐξ
1832 956 1886 1002 οὔ
1906 973 1960 1012 γε
2057 966 2072 1015 {j

319 1024 477 1076 (Diod.)
516 1047 567 1052 —
605 1022 651 1071 ἐξ
688 1021 740 1065 οὗ
778 1039 827 1064 τε
863 1023 1065 1076 (Schol.),
1109 1036 1232 1065 nemo
1261 1025 1455 1065 miratur.
1497 1025 1689 1066 Perrexit
1714 1013 1847 1078 igitur
1871 1025 1959 1078 φί-
2049 1018 2072 1087 Ξ

317 1101 510 1140 gramma
539 1090 779 1129 describere
807 1091 1044 1130 secundum
1073 1090 1139 1141 A’,
1172 1091 1246 1130 sed
1274 1093 1366 1130 tum
1396 1091 1532 1131 haesit
1558 1091 1603 1131 in
1628 1102 1759 1132 versu
1780 1091 1955 1143 quinto,
2054 1090 2072 1132 -1

317 1156 390 1194 ubi
430 1155 659 1205 praebebat
699 1155 935 1195 Scholiasta
973 1154 1018 1195 ἐν
1056 1155 1151 1209 γαίῃ
1191 1155 1298 1206 (var.
1332 1155 1397 1207 9),
1438 1156 1554 1207 apud
1590 1156 1821 1198 Diodorum
1855 1166 1961 1197 vero
2061 1182 2072 1218 35

317 1222 408 1271 ipse
449 1223 489 1260 et
530 1221 689 1272 legerat
726 1223 766 1261 et
802 1223 1091 1272 excerpserat:
1135 1224 1183 1274 τῇ
1213 1220 1260 1260 δὲ
1287 1220 1481 1275 ὑστεραίῃ
1510 1219 1712 1274 τρόπαιον
1738 1220 1960 1276 στήσαντες
2061 1223 2072 1276 1}

318 1284 582 1326 ἀπέπλευσαν
610 1285 652 1331 ἐς
683 1283 890 1337 Κύπρον
917 1285 1179 1339 νενικηκότες
1209 1285 1288 1327 δύο
1315 1285 1533 1332 καλλίστας
1555 1286 1675 1333 νίκας
1694 1285 1780 1328 κτλ.
1806 1287 1960 1339 Itaque
2061 1278 2072 1341 Ξ

319 1363 402 1390 non
423 1351 654 1401 dubitavit,
678 1352 781 1400 quin
802 1352 928 1391 etiam
948 1352 991 1391 in
1011 1352 1318 1402 epigrammate
1340 1352 1544 1392 Diodorea
1563 1353 1685 1393 lectio
1703 1351 1749 1394 ἔν
1765 1349 1959 1406 Κύπρῳ
2055 1345 2072 1399 Ἳζ,

318 1416 529 1456 servanda
549 1418 674 1456 esset.
706 1417 815 1456 'rum
836 1419 978 1456 autem
998 1417 1078 1457 hoc
1096 1418 1133 1456 ei
1153 1417 1303 1457 accidit
1323 1417 1520 1468 humani,
1543 1418 1659 1468 quod
1678 1417 1955 1470 voc-bulum,
2064 1417 2072 1447 ἑ

318 1482 432 1531 quod
474 1482 769 1532 consequitur,
817 1479 1001 1534 Μήδους
1040 1481 1131 1533 (A1,
1175 1479 1348 1535 Μήδων
1384 1481 1478 1533 A⁸),
1520 1483 1647 1523 simul
1683 1494 1738 1524 ex
1774 1482 1960 1524 Diodoto

317 1547 536 1597 arriperet.
569 1548 693 1587 Nunc
716 1548 888 1587 demum
909 1548 962 1587 ad
986 1548 1268 1587 Scholiastam
1289 1548 1434 1599 rediit,
1461 1551 1510 1589 ut
1528 1550 1705 1600 apparet
1722 1560 1777 1590 ex
1795 1560 1888 1590 var.
1912 1548 1957 1590 u
2062 1575 2072 1598 :2

318 1610 390 1651 ὑπ’
417 1610 575 1652 afim->v
602 1612 655 1652 A³
686 1612 753 1663 (A¹
784 1611 856 1652 ὑπ’
881 1611 1038 1665 αὐτῷ).
1084 1612 1154 1653 Sic
1182 1613 1365 1664 factum,
1398 1617 1446 1653 ut
1473 1614 1680 1654 Arsenius
1706 1617 1796 1655 tres
1823 1614 1959 1655 varie-
2041 1611 2072 1650 ⁷³

317 1679 426 1716 tates
458 1677 675 1717 exhiberet
710 1679 946 1717 secundum
976 1679 1049 1729 A¹,
1090 1681 1253 1718 ceteras
1282 1679 1519 1719 secundum
1548 1678 1613 1719 A'.
1660 1679 1768 1720 Eius
1793 1681 1959 1720 textum

318 1742 652 1782 contaminatum
681 1743 904 1794 designavi
934 1743 979 1795 (ἓ
1011 1743 1078 1794 60)
1109 1744 1218 1795 siglo
1246 1743 1298 1783 A·
1327 1742 1412 1795 160),

804 1880 869 1921 30.
931 1880 1225 1921 scmPTonns
1254 1889 1469 1926 RELIQm.

374 2002 400 2054 ξ
434 2004 522 2044 119.
583 2003 652 2045 De
687 2004 884 2057 reliquis
913 2004 1205 2046 testimoniis.
1264 2006 1620 2046 Aristodemus
1649 2006 1779 2047 ΒΗΘ.
1800 2006 1838 2046 V
1862 2017 1905 2057 p.
1933 2005 1959 2046 7

320 2068 556 2119 (Wescher,
603 2070 909 2121 Poliorcetique
949 2071 1025 2110 des
1067 2071 1199 2111 Grecs
1240 2083 1280 2122 p.
1314 2070 1432 2122 355),
1478 2071 1532 2111 de
1567 2071 1691 2111 cuius
1726 2071 1838 2112 libro
1871 2071 1956 2112 iam

317 2134 476 2174 dictum
506 2137 570 2174 est
601 2134 627 2187 ξ
660 2136 758 2186 111,
790 2136 966 2175 eandem
997 2136 1050 2175 de
1078 2136 1292 2176 Pausania
1321 2137 1495 2187 praebet
1518 2137 1807 2177 narrationem
1828 2138 1960 2188 atque
2066 2159 2072 2167 ν

321 2199 478 2239 Suidas
507 2212 541 2240 s.
567 2213 607 2240 v.
640 2198 908 2252 Παυσανίας,
942 2202 1086 2241 itidem
1115 2202 1278 2242 adiecto
1305 2214 1372 2253 ep.
1406 2202 1483 2242 138
1510 2202 1554 2241 in
1582 2201 1692 2243 trad.
1719 2202 1768 2242 A.
1798 2201 1959 2242 Nititur
2068 2231 2072 2238 i

318 2265 597 2306 fundamento
625 2266 899 2317 Thucydideo
929 2267 981 2318 (Ι.
1017 2267 1125 2318 132).
2037 2259 2072 2271 '⁴

372 2330 628 2370 Isidorus
658 2332 943 2372 Pelusiota
974 2331 1155 2383 (⁸Migne
1183 2333 1297 2372 Patr.
1330 2333 1404 2373 Gr.
1434 2332 1668 2383 LXXVIII)
1695 2332 1750 2373 de
1776 2333 1954 2384 interpr.

318 2395 403 2434 div.
442 2407 523 2435 scr.
561 2397 683 2446 epist.
724 2397 805 2436 III.
844 2397 921 2436 224
960 2398 1210 2448 presbytero
1245 2398 1414 2438 cuidam
1441 2398 1628 2448 superbo
1655 2400 1785 2448 atque
1810 2397 1954 2449 fatuo,

319 2460 467 2499 humili
504 2463 645 2501 tamen
683 2474 839 2512 genere
875 2465 976 2502 nato
1013 2463 1212 2513 proponit
1249 2463 1491 2513 exemplum
1529 2462 1807 2514 Arc-hodiene,
1846 2474 1962 2523 quq

318 2525 412 2564 licet
452 2528 572 2575 pater
613 2528 799 2567 coniunx
841 2528 996 2567 fratres
1038 2528 1116 2567 filii
1157 2528 1330 2579 tyranni
1373 2531 1540 2578 essent,
1586 2530 1791 2579 perpetuo
1825 2527 1958 2568 mni

363 2725 426 2766 159)
473 2727 554 2760 Post
578 2727 746 2769 Apostolii
771 2734 920 2761 mortem
942 2730 1070 2771 scripta
1091 2730 1168 2762 eius
1189 2730 1224 2762 in
1248 2740 1377 2763 munus
1398 2730 1460 2762 lilii
1481 2733 1736 2772 pei-venerunt=
1757 2730 1803 2763 ct'.
1824 2729 1957 2764 &um-

319 2782 449 2815 bacher
484 2783 563 2825 Byz.
599 2783 652 2817 1..²
687 2794 718 2826 p.
746 2783 822 2817 603.
858 2786 1080 2818 Scholiorum
1105 2786 1140 2818 in
1168 2786 1314 2819 Panatli.
1337 2788 1517 2828 exemplar
1540 2787 1575 2819 in
1602 2786 1687 2820 Bibl.
1711 2785 1793 2820 Nat.
1816 2785 1959 2820 Parisiis

319 2843 519 2871 asservatur
543 2840 678 2873 Arsenii
702 2841 812 2883 ipsius
835 2850 943 2874 manu
969 2842 1159 2884 scriptum,
1182 2843 1225 2875 cl‘.
1252 2843 1426 2875 Frommel
1452 2854 1482 2885 p.
1505 2841 1582 2875 31⁴.

364 2893 427 2934 160)
474 2895 574 2928 liaud
609 2897 671 2929 abs
706 2907 743 2930 re
776 2897 914 2929 videtur
944 2903 1115 2931 annotare
1146 2899 1238 2940 apud
1273 2899 1451 2931 neminem
1483 2899 1651 2940 Apostolii
1681 2903 1790 2941 atque
1821 2899 1994 2943 Amniiv-
2061 2906 2072 2920 «Ἀ

321 2951 427 2983 huius
457 2952 722 2993 epigrammatis
753 2953 920 2986 lectiones
951 2954 1018 2987 rite
1048 2964 1089 2987 nc
1121 2954 1310 2996 diligenter
1340 2958 1502 2987 enotatas
1525 2955 1685 2987 inveniri.
1722 2955 1794 2987 Aut
1813 2954 1956 2988 easdem

320 3007 487 3039 lectiones
511 3008 675 3049 praebere
700 3012 850 3051 uterque
873 3010 1004 3043 dicitur
1027 3014 1092 3043 aut
1117 3011 1304 3053 utriusque
1329 3011 1496 3043 lectiones
1519 3011 1790 3044 confunduntur
1811 3011 1870 3051 (cf.
1889 3020 1956 3054 eg.

323 3062 397 3094 Keil
435 3074 467 3104 p.
500 3063 583 3096 3⁴3:
618 3061 666 3096 *ἐν
699 3063 838 3107 Κύπρῳ
872 3067 937 3099 soll
972 3066 1150 3108 bezeugen
1186 3091 1194 3099 .
1220 3092 1227 3099 .
1254 3092 1261 3099 .
1287 3093 1293 3098 .
1329 3066 1474 3109 Apostl)
1505 3069 1570 3100 aut
1599 3077 1721 3100 eorum
1753 3066 1957 3101 testimonia

322 3128 461 3158 prorsus
485 3121 732 3162 negleguntur.
