2072 3568
893 230 966 268 117
1453 247 1465 250 <
1513 232 1538 284 g
1569 234 1738 273 68—70.

108 365 230 404 γειται
269 350 382 402 cod.)
421 355 474 398 <
501 355 584 396 τοῖς
623 354 729 403 ng.
762 358 816 400 >
855 351 1157 406 Τυνδαρίδῃσιν
1194 354 1364 405 ἀοιδᾶς,
1403 355 1634 408 [ἁμέτεροι
1665 357 1743 407 (Sic

107 417 329 467 Hartung,
372 415 750 469 ἀοιδησαναμετροι
779 418 892 468 cod.)
924 418 1092 470 τέττιγες
1121 419 1400 471 ἐπεστέψαντο
1428 425 1658 473 χορωνῷ
1685 423 1742 461 ita

107 483 208 521 sunt
235 482 426 532 obscuri,
460 485 507 521 ut
536 481 764 534 γριφώόεις
792 495 887 522 esse
914 484 1016 522 mihi
1047 485 1273 524 videantur
1297 486 1457 524 collatis
1480 487 1742 525 carminibus

107 558 237 597 supra
261 547 444 586 laudatis
471 547 560 597 171,
591 548 679 598 172,
710 549 799 598 173,
829 561 939 598 quae
959 561 1130 599 quoque
1150 549 1493 601 epiyrammata
1511 551 1741 591 Simonidis

103 612 306 662 appellari
327 613 524 655 vidimus.
558 614 663 663 Apio
684 625 836 652 versus
852 626 903 653 ex
920 615 1125 664 scriptore
1140 616 1379 665 antiquiore
1394 618 1584 666 receptos
1599 618 1742 666 ibique

104 689 182 727 pro
209 678 513 727 epigrammate
544 678 982 726 Simonideohabitos
1013 681 1324 730 grandiloquus
1354 681 1411 720 ita
1439 682 1651 731 laudavit,
1694 684 1740 720 ut

104 754 175 781 eos
212 743 255 781 in
294 742 636 782 Simonideorum
671 744 1027 794 epigrammatum
1056 745 1298 784 collectione
1325 746 1479 796 legisse
1509 747 1735 785 videretur.

105 808 196 846 Hoc
238 819 408 857 quoque
449 808 760 859 fragmentum,
807 811 854 848 ut
895 821 966 858 ea,
1014 822 1124 859 quae
1161 822 1213 848 ex
1253 811 1575 850 Chamaeleonte
1613 813 1740 860 atque

49 921 52 923 Δ
105 873 344 912 Callistrato
367 873 608 923 fluxerunt,
638 886 735 913 cum
760 875 1005 913 narratione
1028 875 1258 925 eiusmodi,
1286 876 1486 925 qualibus
1510 877 1739 916 Simonidis

103 937 232 976 vitam
261 950 468 978 exornare
497 939 689 978 solebant
718 940 911 979 homines
941 952 1085 979 rerum
1110 940 1405 980 fabulosarum
1431 942 1608 991 curiosi,
1642 954 1738 981 con-

102 1002 294 1042 iunctum
322 1003 457 1042 fuisse
485 1005 718 1053 putaveris.
1262 1048 1265 1050 ,

157 1066 183 1118 §
216 1068 278 1108 70.
339 1067 407 1108 De
438 1068 789 1120 Thrasymacho.
841 1071 919 1120 Ep.
947 1071 1022 1110 169
1054 1070 1115 1121 (in
1145 1071 1479 1110 Timocreontem
1505 1071 1735 1123 Rhodium)

102 1132 194 1172 sine
224 1133 453 1173 Simonidis
483 1135 676 1185 nomine,
714 1148 799 1184 quo
827 1137 1085 1175 instructum
1114 1138 1228 1175 extat
1256 1137 1338 1175 ΑΡ.
1368 1137 1462 1175 VII.
1491 1137 1590 1187 348,
1624 1138 1737 1187 apud

103 1197 362 1238 Athenaeum
399 1200 600 1239 laudatur
629 1201 677 1239 X.
711 1201 788 1240 415
818 1201 846 1239 f.
880 1201 946 1240 Ibi
975 1202 1073 1241 huic
1102 1202 1396 1252 epigrammati
1425 1202 1554 1241 fontis
1583 1215 1736 1241 nomen

101 1273 187 1302 non
215 1264 273 1303 ita
302 1262 570 1315 adiungitur,
614 1267 660 1304 ut
690 1267 832 1305 statim
860 1267 903 1305 in
933 1267 1079 1306 oculos
1100 1267 1311 1306 incurrat.
1360 1267 1628 1317 Quapropter
1658 1268 1737 1306 viri

100 1328 210 1368 docti
239 1330 442 1370 Athenaei
472 1332 686 1370 auctorem
716 1332 904 1371 indicare
933 1344 1015 1371 non
1044 1332 1179 1371 solent
1197 1331 1265 1382 66).
1299 1332 1404 1377 Quis
1425 1334 1566 1371 autem
1586 1333 1732 1382 fuerit,

100 1394 414 1446 demonstrare,
456 1396 629 1446 opinor,
672 1409 758 1435 non
796 1397 968 1436 difficile
1005 1398 1081 1435 est.
1131 1397 1280 1436 Sermo
1314 1399 1377 1436 est
1412 1399 1464 1436 de
1492 1398 1736 1436 hominibus

102 1460 341 1512 voracibus.
375 1461 607 1510 Postquam
637 1474 689 1500 ex
717 1462 887 1501 Nicolao
917 1463 1179 1501 Damasceno
1211 1461 1281 1512 (fr.
1303 1463 1365 1512 77,
1387 1463 1514 1502 FHG.
1536 1462 1733 1513 111.415)

99 1525 152 1563 de
179 1525 422 1564 Mithridate
451 1526 572 1564 Ponti
603 1538 702 1576 rege
730 1527 869 1565 attulit
898 1527 1159 1576 exemplum,
1193 1528 1349 1577 pergit:
1386 1525 1457 1566 καὶ
1489 1525 1736 1579 Τιμοκρέων

101 1587 140 1628 δ’
172 1588 196 1629 ὁ
229 1587 389 1634 Ῥόδιος
423 1590 599 1643 ποιητὴς
635 1590 707 1630 καὶ
744 1590 931 1644 ἀθλητὴς
967 1591 1201 1636 πένταθλος
1229 1591 1338 1643 ἅδην
1366 1592 1497 1644 ἔφαγε
1525 1591 1596 1632 καὶ
1625 1593 1736 1632 ἔπιεν

99 1653 162 1699 ὡς
193 1653 239 1694 τὸ
274 1653 340 1694 ἐπὶ
373 1658 446 1695 τοῦ
482 1655 618 1708 τάφου
654 1655 783 1696 αὐτοῦ
812 1655 1056 1708 ἐπίγραμμα
1087 1655 1227 1708 δηλοῖ·
1264 1670 1351 1707 seq.
1384 1670 1448 1707 ep.
1485 1658 1582 1708 169,
1627 1670 1736 1707 quae

99 1721 229 1760 verba
266 1721 419 1771 excipit
456 1722 644 1761 eiusdem
681 1723 984 1762 Timocreontis
1021 1720 1261 1774 ἀδηφαγίας
1289 1723 1527 1772 exemplum
1558 1724 1734 1772 petitum

98 1797 150 1825 ex
183 1785 520 1838 Thrasymacho
551 1787 832 1827 Chalcedonio
863 1787 933 1838 (fr.
958 1788 1004 1838 3,
1038 1788 1123 1827 OA.
1154 1789 1210 1827 ΙΙ.
1241 1787 1351 1839 246).
1386 1789 1574 1827 Putasne
1603 1789 1734 1828 Thra-

99 1852 350 1901 symachum
389 1853 675 1892 narrationem
705 1854 818 1892 illam
847 1853 1097 1903 praebuisse
1125 1854 1337 1892 mentione
1366 1854 1482 1892 nulla
1511 1855 1620 1893 facta
1651 1855 1734 1904 epi-

98 1918 346 1967 grammatis
377 1918 607 1969 notissimi,
643 1918 771 1970 quod
799 1918 930 1970 apud
952 1918 1239 1959 Athenaeum
1262 1918 1547 1970 praecedat?
1584 1920 1734 1958 Nonne

15 2018 21 2021 .
98 1984 313 2032 praeterea
342 1983 497 2022 mirum
526 1986 608 2035 est,
643 1984 757 2034 quod
777 1985 1020 2023 Athenaeus
1044 1984 1144 2023 huic
1167 1985 1405 2034 fragmento
1430 1985 1590 2033 poetico
1613 1996 1732 2023 vora-

97 2047 262 2087 citatem
300 2048 530 2088 illustranti
567 2050 697 2089 fontis
727 2062 881 2089 nomen
911 2050 1076 2089 adicere
1105 2062 1189 2088 non
1220 2050 1409 2099 videtur,
1453 2061 1538 2098 quo
1567 2050 1731 2087 nullum

18 2110 22 2111 ⁷
97 2122 149 2151 ex
177 2114 325 2153 ceteris
353 2115 556 2165 exemplis
585 2115 732 2154 caret?

150 2178 271 2229 Apud
301 2180 690 2230 Thrasymachum,
723 2181 759 2219 ei
783 2181 895 2219 enim
917 2180 1178 2219 Athenaeum
1201 2191 1278 2219 sua
1299 2180 1452 2218 debere
1471 2180 1732 2218 confidenter

0 2277 18 2298 ζ.
97 2244 303 2284 affirmari
332 2245 446 2295 licet,
480 2246 670 2284 nondum
700 2257 802 2295 ergo
830 2246 909 2284 hoc
938 2246 1201 2295 epigramma
1227 2246 1501 2284 coniunctum
1525 2247 1615 2283 erat
1635 2256 1730 2283 cum

97 2321 278 2360 persona
311 2309 541 2349 Simonidis
555 2310 629 2361 b7),
664 2323 790 2360 quem
815 2311 857 2349 id
882 2312 1054 2360 propter
1074 2311 1314 2349 inimicitias
1334 2310 1376 2348 in
1398 2311 1731 2349 Timocreontem

14 2376 20 2385 '
97 2373 243 2414 iecisse
280 2375 508 2415 credebant
537 2377 707 2426 posteri.
754 2376 788 2414 A
817 2388 902 2425 quo
931 2387 1101 2415 carmen
1135 2376 1340 2415 Simonidi
1370 2375 1621 2414 attributum
1652 2375 1727 2424 sit,

6 2414 27 2441 ἢ
95 2438 224 2479 latere
252 2440 410 2490 nequit.
447 2441 674 2480 Servatum
703 2441 815 2480 enim
844 2443 908 2480 est
936 2441 1166 2480 Simonidis
1195 2441 1445 2480 auctoritate
1473 2441 1730 2479 instructum

1 2522 31 2557 χ
96 2503 139 2543 in
180 2506 432 2556 Anthologia
475 2506 679 2546 Palatina.
732 2505 952 2547 Collector
992 2506 1168 2556 scilicet,
1215 2506 1373 2556 quippe
1415 2506 1482 2545 cui
1525 2506 1637 2544 fama
1680 2505 1731 2543 de

138 2634 186 2688 ὠ)
232 2648 469 2682 Reitzenstein
503 2660 534 2691 p.
559 2649 624 2682 119
656 2653 814 2682 tantum:
848 2648 921 2682 ‘der
944 2651 1014 2682 alte
1039 2649 1335 2690 Gewiihrsmanii,
1367 2659 1431 2692 ans
1457 2649 1625 2681 wele-hem
1651 2649 1729 2680 Atii.

0 2695 30 2730 }
95 2703 239 2746 citiert'3
264 2705 447 2738 Kirchhoss'
469 2705 584 2739 llerm.
610 2705 663 2739 11.
687 2705 775 2738 1876
799 2717 828 2748 p.
846 2706 908 2747 46,
932 2716 1150 2748 quamquam
1176 2706 1251 2738 iure
1278 2706 1417 2747 negavit
1441 2706 1630 2747 quicquam
1657 2706 1729 2745 epi-

95 2769 256 2802 gramma
278 2771 357 2794 cum
383 2761 561 2794 Simonide
584 2762 712 2795 habere
733 2772 922 2795 commune
942 2762 1267 2804 'l'lirasymachique
1291 2763 1527 2803 fragmentum
1550 2761 1730 2802 excripsit,

7 2812 34 2863 ζ
96 2814 138 2847 de
163 2815 342 2859 Posidippo
367 2821 508 2851 auctore
531 2819 706 2860 cogitavit.
742 2819 793 2851 Cf.
819 2819 917 2860 Preg.
941 2818 1016 2850 253.

139 2870 186 2912 ⁶7)
231 2871 456 2906 Subvertitun·
491 2875 599 2916 igitur
634 2874 897 2908 Reitzensteinii
930 2875 1017 2907 ratio
1049 2874 1232 2907 scribentis
1265 2874 1310 2915 (p.
1337 2873 1434 2913 mn:
1471 2871 1537 2904 ‘die
1570 2874 1729 2913 lingiertc

8 2912 47 2970 ζ
96 2927 290 2962 Aufschrift
323 2930 388 2962 aus
419 2930 480 2963 das
514 2930 610 2963 Grab
644 2931 704 2964 des
740 2931 909 2964 Rhodiers
941 2930 1029 2963 Tim.
1069 2956 1106 2962 ..
1134 2956 1172 2962 ..
1214 2931 1305 2962 kann
1340 2940 1408 2961 nui·
1439 2930 1473 2961 in
1508 2929 1728 2961 miindliclner

9 2978 32 2991 “
95 2983 271 3018 Tradition
303 2986 464 3019 erhalten
497 2987 567 3019 und
600 2997 637 3020 so
668 2988 703 3020 in
737 2988 792 3019 die
825 2988 1035 3028 Sammlnng
1067 2987 1127 3018 dei·
1159 2986 1360 3018 Simoniden
1391 2986 1599 3027 gekommen
1633 2985 1728 3026 sein‘,

95 3043 202 3083 atque
244 3041 368 3075 Baueri
407 3042 665 3075 Themistokles
705 3054 734 3085 p.
767 3043 809 3075 12
850 3053 882 3075 11.
915 3042 956 3083 4,
996 3043 1056 3084 qni
1092 3042 1290 3083 suspicatus
1325 3045 1378 3073 est
1414 3042 1648 3073 nari-ationem
1686 3041 1728 3072 de

96 3099 275 3138 poetarum
299 3098 478 3131 discordiis
500 3108 541 3131 ex
567 3103 684 3132 nostro
707 3099 962 3141 epigrammate
986 3108 1059 3130 esse
1084 3098 1290 3131 derivatam.
