2072 3568
381 264 481 315 Cap.
517 261 573 304 11.
1170 261 1221 303 5⁴2

376 390 682 440 epigrammata
726 389 994 429 Corinthiaca
1039 388 1131 439 (96,
1178 388 1248 438 97,
1300 388 1395 437 134,
1441 388 1511 438 98)
1557 388 1704 440 petivit
1743 388 2012 432 Plutarchus.

379 455 570 505 Sumpsit
596 455 674 494 hoc
699 455 984 494 Wilamowitz.
1019 455 1212 494 Attamen
1239 454 1303 493 vel
1329 466 1380 493 ex
1405 465 1453 494 ea
1480 465 1525 494 re
1548 456 1715 494 constat
1740 454 2015 497 Plutarchum

376 533 459 561 non
500 522 541 560 in
580 521 726 560 eodem
765 520 881 560 fonte
917 522 1121 571 quattuor
1160 520 1227 559 illa
1263 520 1572 571 epigrammata
1610 520 1826 562 invenisse
1856 521 1901 563 in
1928 533 2017 574 quo

374 587 692 637 epigrammatis
726 586 799 625 137
828 585 1096 625 traditionem
1127 583 1444 634 recentiorem,
1477 585 1592 636 quod
1616 585 1785 627 illorum
1805 587 2015 640 epigram·

376 655 535 691 matum
566 652 738 702 praebet
767 651 1035 691 traditionem
1066 650 1347 700 antiquiorem
1380 650 1693 702 (anonymam).
1742 651 2015 704 Quamquam

375 718 526 757 horum
570 728 742 767 quoque
782 717 1138 767 epigrammatum
1183 716 1390 755 recentior
1432 716 1603 755 traditio
1647 716 1932 769 (simoniden)
1973 719 2015 759 et
2063 709 2066 710 ⁷

373 783 544 822 extabat
585 786 625 821 et
667 782 721 822 ad
760 794 838 821 nos
877 782 1069 832 pervenit
1096 781 1164 831 Ψ).
1211 781 1567 822 Constituendum
1598 782 1730 833 igitur
1755 784 1820 823 est
1849 782 2014 824 Plutar·
2070 804 2072 806 ·

374 849 499 887 chum
543 848 585 887 in
628 847 947 898 epigrammatis
990 847 1223 886 Corinthiis
1265 846 1493 886 laudandis
1535 847 1708 887 duobus
1750 858 1879 889 usum
1918 858 2016 890 esse

373 914 590 962 fontibus,
641 925 825 963 quorum
868 913 996 962 alter,
1046 913 1119 962 qui
1164 913 1288 952 unice
1326 912 1589 963 epigramma
1634 913 1709 952 137
1750 913 2010 966 contineret,

374 980 645 1019 recentiorem
692 978 788 1029 (S),
843 979 970 1028 alter,
1025 990 1076 1016 ex
1128 989 1215 1027 quo
1265 980 1469 1027 quattuor
1518 980 1654 1017 cetera
1705 978 2013 1030 epigrammata

374 1045 590 1085 Corinthia
629 1045 882 1095 accepisset,
923 1044 1206 1093 antiquiorem
1247 1042 1318 1093 (A)
1360 1045 1698 1093 repraesentaret
1725 1043 2009 1086 traditionem.

374 1111 501 1150 Hunc
530 1110 688 1149 fontem
717 1110 854 1149 littera
883 1109 1111 1160 insigniam
1142 1109 1176 1147 Y
1205 1108 1274 1158 ²1).

425 1176 544 1222 Quae
572 1178 714 1215 autem
745 1186 812 1214 res
843 1174 1015 1213 retinuit
1045 1174 1160 1213 viros
1189 1174 1358 1223 doctos,
1391 1174 1623 1223 quominus
1644 1174 1756 1214 duos
1775 1185 2015 1226 usurpasse

373 1241 650 1281 Plutarchum
688 1241 827 1280 fontes
864 1240 1059 1279 diversos
1092 1242 1395 1290 agnoscerent,
1436 1251 1485 1279 ea
1514 1242 1578 1278 est
1606 1242 1723 1289 arta,
1764 1250 1877 1291 quae
1901 1240 2014 1282 inter

371 1310 574 1357 quattuor
601 1307 909 1357 epigrammata
937 1307 977 1344 et
1005 1305 1121 1355 quod
1149 1316 1198 1344 ea
1227 1305 1423 1355 sequitur
1445 1305 1643 1354 quintum
1667 1305 1876 1346 interesse
1898 1305 2012 1347 vido-

370 1377 441 1413 tur
479 1372 759 1412 necessitudo.
806 1372 990 1411 Tantum
1029 1373 1170 1410 autem
1208 1370 1350 1420 abest,
1398 1373 1445 1409 ut
1481 1370 1678 1420 equidem
1714 1370 1908 1422 quinque
1940 1370 2011 1412 ma

370 1439 676 1489 epigrammata
709 1437 850 1476 divelli
880 1448 1007 1486 posse
1034 1436 1285 1486 concedam,
1328 1439 1374 1475 ut
1404 1436 1571 1475 nullum
1598 1436 1849 1487 scriptorem
1877 1436 2013 1477 inim

371 1507 536 1555 putem,
570 1503 642 1552 qui
672 1505 876 1552 quattuor
903 1502 1211 1552 epigrammata
1240 1502 1459 1552 proderet,
1491 1502 1629 1552 quinti
1658 1503 1802 1542 autem
1822 1522 1876 1531 —
1893 1501 2011 1554 quod

370 1571 586 1620 praeterea
625 1568 758 1606 multo
795 1570 859 1606 est
895 1567 1073 1617 gravius
1101 1578 1231 1617 quam
1260 1579 1325 1617 ep.
1362 1567 1435 1606 134
1464 1566 1518 1613 22)
1548 1588 1622 1617 —,
1665 1567 1827 1607 nullam
1854 1566 2012 1608 iacent

370 1635 639 1674 mentionem.
674 1633 780 1672 Inde
808 1635 949 1672 autem
980 1645 1064 1672 non
1093 1635 1157 1672 est
1182 1633 1523 1672 concludendum
1546 1633 1847 1684 Plutarchum,
1877 1643 2010 1684 quam

369 1699 688 1751 epigrammatis
711 1698 786 1738 137
807 1698 1006 1748 praebeat
1026 1698 1296 1738 traditionem
1309 1728 1319 1748 ,
1342 1710 1435 1738 eam
1456 1698 1674 1738 invenisse
1690 1698 1808 1750 apud
1825 1697 2009 1739 eundem

370 1766 645 1816 scriptorem,
691 1764 758 1803 cui
795 1764 945 1803 debeat
982 1766 1185 1813 quattuor
1221 1763 1528 1814 epigrammata
1567 1763 1889 1815 praecedentia,
1932 1762 2009 1804 sod
2071 1805 2072 1808 ,

369 1832 483 1870 hunc
512 1830 761 1880 scriptorem
790 1831 957 1879 praeter
986 1831 1191 1878 quattuor
1218 1828 1288 1868 iila
1317 1840 1489 1878 quoque
1515 1828 1764 1869 exhibuisse
1781 1828 2004 1880 quintum,
2070 1851 2072 1853 ·

368 1898 411 1935 at
440 1896 504 1945 id,
545 1897 593 1934 ut
621 1897 781 1944 cetera,
821 1892 871 1933 in
902 1892 1158 1933 traditione
1185 1892 1456 1945 antiquiore
1484 1905 1723 1946 anonyma
1751 1892 1839 1946 (A).
1883 1893 2010 1935 Hanc
2067 1917 2069 1919 -

367 1959 687 2011 epigrammatis
724 1958 798 1997 137
827 1958 1018 1997 extitisse
1045 1958 1314 1997 traditionem
1343 1961 1472 2008 atque
1501 1958 1711 2008 proditam
1740 1958 1876 1999 fuisse
1900 1958 2008 1999 didi·

367 2026 504 2064 cimus
531 2036 583 2063 ex
615 2023 784 2063 Scholio
813 2023 1050 2062 Pindarico.
2065 2024 2072 2029 ‘¹

422 2091 572 2140 Itaque
613 2089 810 2139 quintum
852 2089 1115 2139 epigramma
1154 2089 1382 2128 Plutarcho
1420 2089 1534 2139 apud
1573 2089 1733 2128 fontem
1770 2091 2008 2140 utrumque
2067 2133 2072 2135 .

369 2156 423 2206 (Y
466 2159 505 2195 et
554 2155 606 2206 X)
652 2158 822 2206 praesto
862 2157 979 2204 erat,
1030 2155 1072 2193 in
1117 2155 1195 2194 hac
1237 2157 1379 2194 autem
1421 2155 1464 2193 in
1507 2155 1735 2195 traditione
1774 2154 2008 2196 recentium
2066 2148 2072 2188 s³

370 2221 611 2260 Simonidea
652 2220 747 2271 (S),
789 2221 830 2259 in
870 2221 939 2260 illa
978 2221 1020 2259 in
1059 2221 1299 2270 antiquiore
1334 2232 1548 2270 anonyma
1589 2219 1676 2271 (A).
1722 2220 1803 2261 Cui
1838 2231 1926 2272 qua
1952 2219 2008 2260 de

367 2298 495 2326 causa
525 2287 699 2326 alteram
730 2286 976 2336 praetulerit
1004 2286 1126 2325 facile
1155 2286 1423 2336 perspicitur.
1459 2286 1569 2325 Huic
1592 2286 1705 2325 enim
1730 2285 1893 2326 adiecta
1911 2286 2007 2326 ent

366 2352 595 2391 auctoritas
621 2349 902 2400 Simonidis,
935 2351 1008 2400 qui
1033 2351 1153 2390 testis
1178 2351 1365 2400 locuples
1393 2351 1595 2390 Herodoti
1621 2351 1865 2391 refutationi
1886 2350 2005 2393 haud
2056 2343 2072 2387 »ἶ

367 2428 519 2466 parum
565 2416 836 2456 inserviebat.
896 2416 1169 2466 Quantopere
1216 2417 1492 2456 Plutarchum
1535 2417 1717 2467 iuverit,
1765 2416 1883 2467 quod
1923 2417 2006 2458 hoo
2060 2407 2072 2476 3

365 2483 626 2533 epigramma
665 2482 877 2522 instruere
915 2485 1057 2532 posset
1095 2486 1243 2532 poetae
1278 2483 1549 2532 auctoritate,
1595 2494 1682 2532 qua
1717 2482 1762 2523 in
1799 2484 2005 2533 quattuor
2060 2483 2072 2531 Ξ

367 2547 715 2597 praecedentibus
752 2550 935 2596 careret,
978 2548 1077 2586 inde
1112 2550 1289 2598 apparet
1327 2570 1374 2574 —
1415 2548 1451 2586 si
1481 2551 1592 2587 recte
1620 2547 1707 2587 vidi
1737 2570 1787 2576 —
1813 2547 1931 2599 quod
1956 2547 2004 2588 in

365 2612 633 2651 enarratione
678 2613 972 2662 epigrammati
1023 2613 1266 2652 Simonideo
1314 2613 1548 2662 praemissa
1595 2613 1650 2652 ad
1700 2611 2005 2652 Simonidis

355 2677 573 2727 ‘hymnum
612 2678 654 2715 in
692 2689 783 2716 eam
824 2678 960 2727 ipsam
999 2690 1188 2728 pugnam
1218 2678 1408 2717 alludere
1437 2678 1626 2727 videtur,
1667 2679 1710 2717 in
1739 2689 1827 2728 qua
1854 2677 2002 2718 Coriu-
2051 2673 2061 2678 ”

407 2859 454 2901 ²³)
484 2859 920 2901 vCt'.§§34,38et138.
1956 2908 1965 2914 .
2052 2825 2072 3062 ³

406 2916 454 2951 2¹)
499 2917 534 2950 Si
559 2918 640 2959 quis
660 2922 763 2959 putat
784 2928 895 2951 mium
917 2922 1058 2951 tantum
1081 2919 1213 2951 iontem
1235 2918 1437 2951 adhibuisse
1460 2919 1709 2959 Plutarchum,
1732 2919 1763 2951 ei
1784 2917 2000 2952 sumendum
2051 2915 2056 2946 ἶ

2056 3055 2072 3078 „a

2051 3073 2072 3148 ἐξ

2053 3147 2069 3215 ἒ.

363 2974 429 3006 erit
453 2975 555 3006 illum
581 2974 758 3006 Plutarchi
784 2980 963 3007 auctorem
990 2985 1093 3007 usum
1118 2984 1194 3007 esse
1217 2974 1355 3006 «luobus
1379 2974 1623 3015 scriptoribus,
1647 2976 1772 3017 quales
1795 2974 1905 3007 fuisse
1926 2972 1999 3006 dixi

365 3030 479 3061 sontes
505 3030 530 3062 X
556 3035 592 3062 et
616 3030 654 3063 Y.

406 3084 453 3123 22)
501 3086 719 3118 Prii-ntorum
751 3087 845 3119 einim
878 3087 1013 3120 donarii
1046 3087 1308 3129 inscriptionem
1341 3086 1408 3128 (ep.
1435 3087 1514 3121 134)
1545 3088 1606 3129 qui
1639 3087 1850 3119 documento
1872 3088 1999 3119 alrem—

364 3141 465 3182 baut,
500 3142 674 3184 publii-:uu
700 3143 955 3175 dedicationem
980 3144 1138 3176 omisisse
1162 3154 1231 3176 nou
1258 3145 1433 3175 videntur.
