2072 3568
407 245 508 298 Cap.
542 245 632 298 111,
665 244 711 297 2,
745 244 782 287 3.
1199 244 1251 287 82

461 372 537 423 Ep.
571 372 623 412 92
652 372 766 423 apud
798 372 1043 423 Lycurgum
1073 371 1228 423 legitur
1257 372 1299 412 in
1330 372 1466 412 torma
1495 370 1666 413 diversa
1694 371 1751 413 ab
1778 371 2042 427 Herodem,

404 450 532 488 quam
569 437 798 489 genuinam
836 449 932 477 esse
967 437 1053 476 dixi
1095 436 1154 488 ἐξ
1198 438 1265 487 18,
1306 437 1381 488 42,
1420 449 1558 488 neque
1593 440 1659 478 est
1685 438 1879 480 additum
1908 438 2045 481 suno-

406 504 516 543 nidis
547 515 714 543 nomen.
750 503 988 542 Herodotea
1017 502 1156 542 audit:

643 566 682 607 ‹7›
711 567 835 614 ξεῖν’
868 565 1152 619 ἀγγέλλειν
1180 566 1534 620 Λακεδαιμονίοις
1562 567 1623 609 ὅτι
1653 567 1752 622 τῇδε

697 632 876 685 κείμεθα
906 635 989 677 τοῖς
1017 631 1171 673 κείνων
1198 631 1403 686 ῥήμασι
1441 632 1790 686 πειθόμενοι,

405 701 623 750 Lyeurgea
653 702 817 749 autem,
856 710 967 749 quae
996 698 1083 738 rere
1110 698 1308 738 convenit
1335 710 1433 738 cum
1464 698 1661 749 Ephorea
1691 699 1832 750 (Diod.
1865 699 1939 742 xl.
1969 699 2042 753 ³³)

402 767 530 815 atque
561 764 846 804 Straboniana
877 764 969 814 (IX.
1002 764 1040 803 4.
1077 763 1126 802 16
1155 775 1195 814 p.
1228 763 1348 815 429):

642 827 681 869 (ἶ)
709 829 827 876 ξένε
855 828 1110 881 ἄγγειλον
1141 827 1494 881 Λακεόαιμονίοις
1521 828 1582 870 ὅτι
1610 829 1710 883 τῇῦε

694 895 873 948 κείμεθα
903 897 988 940 τοῖς
1015 895 1168 936 κείνων
1194 894 1522 948 πειθόμενοι
1559 895 1830 950 νομίμοις.

403 963 514 1002 Huic
542 963 705 1002 formae
732 974 809 1002 cur
837 974 935 1002 cum
966 962 1150 1001 Diodoro
1177 964 1307 1012 atque
1338 961 1550 1002 Strabone
1577 984 1627 990 —
1647 962 1721 1013 qui
1750 962 1879 1003 babet
1895 959 1936 1004 ὦ
1954 960 2040 1011 ξέν’

401 1026 671 1079 ἀπάγγειλον
699 1049 751 1055 -
780 1030 928 1067 contra
960 1028 1278 1078 Lycurgeorum
1309 1027 1502 1067 codicum
1527 1027 1821 1068 auctoritatem
1842 1024 1903 1079 (ὦ
1920 1026 2041 1080 ξεῖν’)

399 1093 619 1132 tribuerim
658 1093 877 1132 lectionem
916 1089 955 1132 α’)
993 1092 1105 1143 ξένε,
1146 1092 1369 1143 apparebit
1406 1092 1532 1132 infra.
1579 1093 1730 1134 Tertia'
1749 1093 1922 1134 accedit.
1953 1093 2038 1135 ΑΡ.

400 1159 493 1197 VII.
526 1158 606 1197 249
637 1158 774 1209 (Plan.
807 1160 848 1197 et
877 1158 997 1198 Lasc.
1031 1157 1132 1207 1r.¹)
1163 1158 1426 1209 epigramma
1456 1158 1630 1208 praebet
1658 1158 1740 1199 sic:

640 1221 679 1262 ὥ
708 1222 831 1270 ξεῖν’
863 1222 1119 1275 ἄγγειλον
1147 1222 1502 1276 Λακεδαιμονίοις
1530 1221 1590 1263 ὅτι
1619 1221 1717 1277 τῇδε

692 1288 870 1340 κείμεθα
900 1291 983 1333 τοῖς
1010 1288 1163 1329 κείνων
1191 1287 1395 1342 ῥήμασι
1432 1287 1774 1339 πειθόμενοι.

398 1354 518 1400 Quae
576 1355 687 1394 inter
741 1356 828 1394 tres
884 1355 978 1394 inas
1025 1355 1186 1394 formas
1238 1354 1426 1394 obtineat
1474 1354 1647 1405 relatio,
1697 1354 1888 1396 noudum
1933 1354 2041 1396 ntia

397 1422 594 1459 accurate
638 1419 942 1471 investigatum
989 1431 1085 1459 esse
1132 1419 1328 1469 videtum
1377 1420 1499 1459 tertia
1542 1431 1567 1460 a
1611 1420 1828 1471 prioribus
1867 1420 2040 1462 duabus

397 1485 571 1524 omnino
618 1497 702 1524 non
749 1488 814 1524 est
860 1486 1064 1525 seiuncta.
1125 1486 1378 1525 Formarum
1421 1488 1562 1525 autem
1606 1485 1872 1526 Herodotus
1909 1487 2041 1538 atque

399 1551 643 1601 Lycurgeae
668 1552 774 1591 ratio
793 1552 1026 1602 quominus
1044 1551 1397 1601 constitueretur,
1428 1562 1477 1591 ea
1499 1563 1568 1590 res
1587 1551 1797 1602 imprimis
1813 1550 2036 1603 obstabat,

397 1616 511 1665 quod
553 1616 806 1656 Strabonem
845 1620 1170 1656 monumentum
1204 1617 1346 1667 ipsum
1376 1617 1535 1656 vidisse
1562 1616 1773 1667 putabant
1800 1616 1883 1656 viri
1907 1616 2034 1658 docti.

398 1681 519 1721 Unde
546 1682 653 1721 mira
681 1683 774 1722 orta
803 1685 905 1721 sunt
934 1684 1170 1722 commenta
1199 1682 1253 1721 de
1271 1684 1548 1721 monumento
1568 1684 1829 1733 restaurato,
1860 1681 1905 1723 in
1924 1693 2035 1733 quo,

396 1758 493 1786 cum
530 1747 573 1786 id
615 1748 888 1798 geographus
930 1748 1188 1798 aspexisset,
1234 1758 1346 1787 nova
1388 1759 1593 1787 versuum
1636 1747 1774 1788 forma
1806 1747 2033 1799 legeretur.

397 1811 574 1851 Constat
615 1816 758 1852 autem
809 1812 1062 1852 Strabonem
1106 1814 1272 1852 tantum
1314 1812 1483 1852 dedisse
1529 1813 1846 1853 annotationem
1877 1812 2036 1855 litters·

397 1877 502 1916 riam
534 1876 605 1927 (cf.
640 1876 667 1928 ξ
697 1877 782 1928 46).

448 1942 571 1982 Nunc
607 1942 728 1982 facile
764 1946 957 1983 textuum
996 1944 1187 1983 condicio
1215 1943 1385 1982 definiri
1415 1945 1566 1993 potest.
1599 1941 1920 1983 Nobilissimum
1948 1941 2036 1994 epi·

394 2019 587 2058 gramma
612 2008 912 2058 pervulgatum
927 2011 1018 2047 erat
1038 2009 1080 2047 in
1101 2008 1323 2048 hominum
1341 2020 1416 2048 ore
1434 2011 1582 2059 atque,
1605 2011 1654 2048 ut
1672 2008 1798 2060 solet,
1814 2007 2036 2048 enuntiata

393 2073 631 2113 difficiliora
669 2076 812 2113 textus
850 2074 1063 2124 primarii,
1105 2086 1233 2124 quem
1272 2074 1516 2114 Herodotus
1546 2074 1670 2114 nobis
1697 2073 1887 2114 servavit
1914 2071 2032 2125 (A1),

393 2138 541 2177 cedere
599 2139 840 2179 debuerunt
888 2139 1217 2190 simplicioribus
1267 2139 1380 2191 (A¹):
1429 2152 1508 2190 pro
1548 2137 1759 2191 ἀγγέλλειν
1794 2137 2036 2190 ponentur

393 2201 603 2254 ἄγγειλον,
655 2216 733 2255 pro
784 2203 942 2257 ῥήμασι
992 2203 1240 2256 πειθόμενοι
1290 2205 1488 2245 dicebant
1532 2202 1785 2256 πειθόμενοι
1819 2202 2031 2256 νομίμοις.

393 2268 726 2319 Epigrammatis
755 2270 976 2310 exordium
989 2301 999 2320 ,
1032 2271 1147 2320 quod
1176 2273 1299 2322 poeta
1318 2271 1494 2311 dederat
1513 2271 1716 2322 quodque
1734 2270 1883 2322 procul
1899 2269 2034 2311 dubio

393 2333 435 2372 in
465 2334 603 2384 lapide
629 2335 849 2386 legebatur
878 2332 917 2374 ὦ
945 2335 970 2382 ξ
980 2339 1001 2374 ἓ
1011 2350 1064 2375 νε
1092 2334 1323 2388 ἀγγέλλειν,
1357 2337 1574 2376 Herodoto
1603 2336 1747 2376 Ionioe
1771 2335 2034 2386 ἀπερωή-

392 2398 469 2437 cile
509 2402 599 2439 erat
643 2397 701 2451 (ὦ
742 2399 839 2446 ξεῖν’
881 2399 1019 2453 ᾶγγ.),
1065 2401 1106 2440 id
1144 2402 1260 2451 apud
1299 2402 1577 2441 Athenienses
1615 2401 1820 2441 nimirum
1847 2397 1888 2441 ὦ
1914 2399 2034 2448 ξένε

392 2462 583 2515 ἄγγειλον
601 2477 698 2504 eum
718 2466 837 2505 hiatu
857 2466 1078 2516 audiebat,
1102 2469 1149 2506 ut
1170 2478 1318 2506 revera
1334 2469 1547 2506 testantur
1562 2466 1775 2506 Diodorus
1789 2463 2031 2518 (Ephorus)

391 2531 431 2568 et
463 2529 639 2579 Strabo,
672 2531 746 2580 qui
775 2531 918 2571 hiatus
937 2531 1183 2571 eliminandi
1203 2543 1334 2571 causa
1355 2532 1487 2571 verbo
1506 2531 1862 2582 praepositionem
1880 2530 2032 2572 adiecit

394 2591 451 2643 (ὥ
480 2593 580 2639 ξέν’
606 2593 907 2647 ἀπάγγειλον).
933 2597 1024 2636 Hac
1039 2597 1092 2635 de
1107 2608 1237 2636 causa
1255 2598 1499 2647 Lycurgeos
1514 2597 1679 2636 codices
1692 2595 1849 2637 iniuria
1861 2595 2033 2637 tradere
2067 2619 2072 2653 3

392 2661 495 2708 puto
522 2656 561 2698 ὦ
590 2658 703 2705 ξεῖν’,
724 2661 838 2710 quod
859 2661 1077 2711 archetypi
1100 2661 1302 2700 librarius
1323 2673 1485 2700 memor
1505 2661 1732 2701 Herodotei
1751 2660 1832 2701 loci
1849 2659 2031 2701 celeber-

393 2723 485 2762 rimi
524 2725 767 2774 reposuisse
804 2726 994 2775 videtur,
1036 2724 1395 2776 quemadmodum
1433 2726 1580 2776 optimi
1618 2725 1775 2766 codicis
1812 2725 1959 2766 Diouei
1986 2724 2030 2765 Μ

391 2788 530 2828 scriba
568 2790 611 2828 in
649 2790 856 2829 consimili
893 2790 1067 2829 exordio
1104 2790 1423 2841 epigrammatis
1460 2791 1513 2830 96
1542 2787 1581 2830 ὦ
1610 2789 1709 2837 ξεῖν’
1739 2787 1924 2842 εὔυδρον
1949 2800 2030 2841 pro
2068 2793 2072 2842 ζ

391 2852 502 2904 ξένε,
534 2855 649 2904 quod
679 2855 804 2894 ceteri
833 2855 954 2894 codd.
987 2856 1167 2906 habent,
1201 2856 1430 2906 scripserat
1461 2855 1532 2906 (cf.
1568 2854 1595 2907 ἓ
1625 2855 1711 2907 34).
1752 2855 2028 2915 Epigramma

390 2919 432 2957 in
472 2920 608 2959 forma
642 2919 697 2959 A¹
732 2932 868 2970 eaque
905 2933 1119 2972 anonyma
1147 2943 1200 2949 —
1229 2922 1290 2961 sic
1317 2922 1428 2960 enim
1461 2922 1586 2972 Lyc.‚
1621 2921 1766 2971 Diod.,
1801 2920 1944 2972 Sti-ab.
1977 2941 2028 2949 -—
2062 2922 2072 2978 ἦ

391 2985 621 3034 unicuique
657 2988 747 3024 erat
784 2986 992 3025 familiare
1027 2989 1157 3036 atque
1184 2987 1277 3025 iure
1305 2998 1329 3026 a
1367 2986 1579 3026 Strabone
1605 2986 1666 3025 l.l.
1700 2984 1725 3038 ἦ
1753 2983 2027 3037 θρυλουμένη

389 3046 601 3101 ἐπιγραφὴ
633 3052 828 3098 vocatur;
859 3051 1085 3101 Lycurgus
1109 3062 1202 3090 eam
1227 3051 1384 3090 scilicet
1409 3052 1671 3100 versionem,
1702 3062 1800 3090 cum
1818 3050 1874 3090 ad
1893 3060 2028 3100 popu·
2059 3034 2072 3064 ⁴

389 3113 477 3151 lum
514 3114 747 3153 orationem
787 3115 981 3164 haberet,
1025 3116 1237 3165 recitavit,
1280 3128 1391 3165 quae
1418 3116 1687 3155 auditoribus
1715 3126 1799 3155 usu
1828 3117 2026 3166 percepto
2061 3082 2072 3161 ἒ

2060 3379 2072 3421 i'

2051 3422 2072 3568 ᾖ
