2072 3568
910 211 986 252 153
1459 237 1461 239 -
1639 211 1664 264 g
1696 212 1761 252 91.

342 335 552 388 Στροίβου
579 339 675 382 παῖ,
704 335 792 376 τόδ’
816 334 1006 388 ἄγαλμα,
1036 334 1309 387 Λεώκρατες,
1339 334 1421 376 εὖτ’
1446 335 1662 389 ἀνέθηκας

390 401 548 454 Ἑρμῇ,
577 400 862 453 καλλικόμους
891 401 970 442 οὐκ
1000 401 1150 446 ἔλαθες
1177 400 1387 453 Χάριτας,

84 459 238 522 ‘lapis
278 469 388 507 enim
435 467 608 519 (prioris
651 469 784 518 partis
828 468 985 507 saeculi
1021 467 1198 519 quinti),
1245 469 1289 506 in
1327 480 1412 517 quo
1449 467 1766 518 epigrammatis

87 526 111 591 {J
131 533 332 583 reliquias
360 533 534 583 agnovit
560 533 754 572 Wilhelm
787 532 856 584 (cf.
890 532 915 583 ξ
946 532 1084 583 41,2),
1118 534 1250 572 altero
1279 535 1392 572 caret
1419 533 1618 571 disticho:

343 596 438 637 οὐδ’
463 596 747 650 Ἀκαδήμειαν
774 597 1043 648 πολυγαθέα,
1073 601 1144 649 τῆς
1172 597 1216 637 ἓν
1244 597 1412 650 ἀγοστῷ

395 661 474 715 σὴν
502 662 739 715 εὐεργεσίην
766 667 827 715 τῷ
853 661 1069 714 προσιόντι
1097 662 1220 715 λέγω.

131 728 340 775 Quoniam
379 729 582 778 pleraque
615 729 745 768 huius
774 720 1087 768 A'nacreonteae
1116 730 1237 768 seriei
1266 730 1571 779 epigrammata
1599 741 1650 767 ex
1681 740 1767 767 uno

86 796 328 848 {constant
367 794 547 833 disticho
591 792 795 845 (exceptis
836 806 901 844 ep.
944 795 1081 844 primo
1124 795 1194 832 VI.
1239 794 1313 832 134
1357 796 1397 832 et
1439 805 1503 842 ep.
1547 794 1615 832 VI.
1663 793 1762 842 143,

83 850 103 909 ζῨ
132 860 246 911 quod
264 861 561 899 elementarem
580 860 773 898 ordinem
793 860 988 898 deserere
1008 858 1227 909 vidimus),
1253 859 1470 909 probabile
1488 861 1551 897 est
1571 860 1766 897 nostrum

81 936 220 979 ep
247 937 346 965 eum
365 937 389 964 a
409 917 710 964 concinnatore
732 925 926 975 Sylloges
946 926 1259 964 Anacreonteae
1279 925 1547 974 reciperetur,
1577 924 1766 962 nondum

80 979 263 1032 fssaltem
290 991 470 1030 disticho
497 990 631 1028 fuisse
659 990 902 1029 adauctum.
963 990 1083 1035 Quae
1111 990 1297 1040 suspicio
1326 990 1468 1028 statim
1497 989 1673 1028 certiore
1701 1001 1767 1027 ar—

131 1058 333 1108 gumento
361 1054 698 1095 confirmabitur.

148 1157 151 1159 .
185 1121 248 1160 Ad
283 1133 375 1160 eam
413 1120 728 1170 quaestionem,
774 1131 885 1169 quae
921 1122 986 1158 est
1024 1120 1076 1158 de
1113 1120 1242 1158 huius
1279 1119 1597 1170 epigrammatis
1635 1119 1767 1156 titulis

131 1185 494 1236 discrepantibus,
528 1185 800 1234 solvendam,
833 1185 1145 1224 examinandus
1175 1187 1238 1223 est
1267 1185 1372 1224 alter
1399 1185 1518 1223 locus
1547 1184 1618 1222 VI.
1651 1182 1763 1232 213*,

132 1251 206 1291 ubi
232 1263 298 1301 ep.
325 1251 480 1301 legitur
504 1248 742 1289 Simonidi
769 1250 1034 1289 attributum.
1069 1250 1134 1288 Ibi
1158 1251 1273 1288 extat
1296 1250 1339 1288 in
1366 1250 1473 1288 serie
1497 1247 1769 1288 Simonidea

86 1314 492 1379 }(V1·212*217)2
520 1315 643 1355 euius
669 1315 855 1365 primum
880 1316 1142 1365 epigramma
1163 1316 1234 1354 VI.
1263 1315 1340 1353 212
1362 1317 1425 1353 est
1450 1314 1552 1353 Sim.
1578 1326 1642 1363 ep.
1670 1313 1764 1363 164,

132 1381 245 1432 quod
275 1381 469 1420 consulto
497 1382 632 1419 totum
661 1381 859 1419 exhibeo:

82 1439 97 1449 *
344 1444 467 1498 εὔχεό
495 1459 556 1484 τοι
586 1444 781 1497 δώροισι,
811 1443 984 1491 Κύτων,
1013 1444 1118 1484 θεὸν
1146 1442 1234 1484 ὧδε
1261 1448 1441 1497 χαρῆναι

398 1509 613 1563 Λητοΐδην
641 1509 801 1563 ἀγορῆς
829 1509 1082 1588 καλλιχόρου
1110 1509 1329 1561 πρύτανιν,

345 1575 490 1627 ὥσπερ
519 1574 604 1616 ὑπὸ
632 1575 780 1622 ξείνων
808 1590 849 1614 τε
877 1573 948 1614 καὶ
977 1575 1020 1614 οἳ
1043 1574 1203 1615 ναίουσι
1231 1573 1451 1625 Κόρινθον

399 1640 518 1682 αἶνον
546 1641 652 1694 ἔχεις
678 1641 880 1694 χαρίτων,
910 1641 1113 1687 ὁέσποτα,
1143 1643 1226 1684 τοῖς
1254 1639 1492 1691 στεφάνοις,

68 1711 90 1758 ξ
134 1708 313 1747 alterum
354 1707 443 1757 (VI.
476 1707 573 1763 21ἕ)
587 1709 680 1762 „fisi
714 1707 984 1758 choregicum
1013 1707 1274 1757 epigramma
1304 1706 1403 1762 145,
1446 1706 1488 1743 in
1518 1717 1603 1754 quo
1636 1704 1768 1743 Simo-

133 1762 604 1824 nideis‘ffiiififfiaginta
643 1785 717 1812 sex
756 1773 955 1812 victorias
992 1773 1171 1823 cyclicas
1206 1760 1251 1811 se
1280 1758 1521 1821 repcffta'sse
1548 1770 1770 1820 professus

70 1838 109 1892 3³2⁴
133 1839 219 1889 est,
250 1839 422 1878 tertium
448 1837 537 1889 (VI.
562 1837 679 1888 213*)
707 1839 970 1888 epigramma
992 1840 1210 1887 nostrum,
1244 1837 1359 1886 quod
1380 1836 1603 1875 exhibetur
1623 1835 1769 1874 eodem

133 1903 292 1944 ambitu
325 1903 528 1954 (duorum
556 1902 854 1951 distichorum)
885 1904 1014 1952 atque
1041 1903 1112 1941 VI.
1144 1902 1232 1941 144.

81 1972 102 2010 g:
128 2004 131 2005 γ
183 1968 310 2008 Nunc
337 1969 441 2007 mihi
470 1968 629 2008 utenda
657 1970 722 2007 est
749 1969 970 2018 inscriptio
999 1968 1220 2017 choregica
1246 1967 1350 2007 CIA.
1380 1965 1461 2005 ΙΙΙ.
1489 1965 1540 2004 82
1566 1977 1596 2004 a
1624 1977 1664 2014 p.
1692 1965 1768 2003 484

132 2051 187 2068 ==
231 2034 390 2074 Kaibel.
427 2033 524 2086 (Ep.
557 2034 630 2074 Gr.
667 2034 838 2084 Suppl.)
877 2035 957 2073 Rh.
990 2034 1101 2072 Mus.
1134 2033 1198 2071 34.
1235 2032 1336 2071 1879
1372 2044 1412 2081 p.
1446 2031 1523 2069 202
1560 2043 1601 2069 n.
1634 2030 1712 2069 928
1742 2041 1772 2068 α

134 2099 309 2141 Athenis
335 2101 522 2150 reperta,
555 2099 705 2139 aetatis
727 2100 965 2148 Romanae,
998 2110 1128 2148 quam
1150 2099 1246 2147 post
1268 2097 1541 2135 imitationem
1562 2096 1770 2145 epigram-

70 2159 260 2205 ‘finatis
297 2165 505 2215 eboregici
548 2164 778 2204 Simonidei
809 2164 884 2203 147
916 2162 986 2214 (ef.
1020 2162 1045 2215 ἓ
1078 2161 1238 2213 131,4),
1281 2162 1495 2201 continere
1524 2160 1658 2199 nostri
1686 2159 1770 2208 epi-

135 2230 383 2281 grammatis
412 2229 687 2269 imitationem
717 2233 840 2268 acuta
869 2231 933 2268 est
964 2228 1172 2267 Wilhelmi
1201 2240 1240 2277 p.
1270 2227 1347 2266 232
1376 2226 1635 2265 observatio:

347 2293 395 2339 ὃς
436 2292 483 2334 δὲ
524 2292 600 2334 σὺν
641 2292 839 2346 εὖτεχνίηι
881 2308 922 2333 τε
958 2291 1046 2344 καὶ]
1078 2291 1242 2344 ἀγλαίηι
1271 2290 1358 2331 τόδ’
1382 2289 1563 2341 ἔτευξε[ν

90 2397 97 2415 3
321 2371 488 2400 nomen
516 2358 716 2399 artificis
744 2356 1046 2410 καλλικόμους]
1078 2356 1158 2397 οὐκ
1188 2355 1338 2396 ἔλαθεν
1367 2352 1587 2407 Χάριῂας.

81 2467 84 2468 ⁷
135 2424 488 2476 ‚Supplementum
525 2437 678 2464 versus
710 2424 728 2463 1
760 2424 937 2463 dubium
970 2424 1143 2462 Kaibelii
1172 2425 1258 2472 est,
1301 2434 1453 2461 versus
1482 2420 1656 2461 alterius
1685 2431 1770 2459 cer-

81 2491 227 2540 stum
264 2490 486 2530 Wilhelmi.
534 2490 665 2529 Miror
703 2491 845 2529 autem
884 2490 1026 2528 virum
1052 2490 1113 2528 ‘cl.
1152 2488 1351 2538 latuisse,
1394 2500 1504 2537 quae
1531 2487 1691 2525 utilitas
1720 2497 1771 2524 ex

81 2550 217 2595 'ibae
255 2556 529 2605 inscriptione
570 2555 726 2606 percipi
769 2557 924 2605 posset.
974 2554 1204 2600 Quaeritur
1245 2554 1382 2602 enim,
1430 2552 1532 2603 quid
1571 2551 1771 2590 carminis

124 2664 133 2675 ,V
164 2621 350 2660 actorem
379 2621 580 2670 moverit,
614 2622 661 2659 ut
690 2622 787 2670 post
814 2619 1133 2678 inscriptionem
1163 2617 1448 2669 choreyicam
1477 2630 1527 2656 ex
1552 2617 1772 2666 choregico

80 2674 439 2743 Qigrammate
482 2686 724 2725 Simonideo
769 2685 844 2724 147
883 2696 1153 2734 expressam,
1199 2684 1278 2722 hoc
1315 2678 1562 2732 praesertim
1601 2694 1770 2721 caimcn

81 2749 114 2800 2'
141 2748 578 2801 (VI.144=213*)
609 2751 815 2801 arriperet
844 2750 897 2789 ad
928 2749 1189 2789 monumenti
1219 2748 1423 2788 artificem
1453 2748 1767 2786 celebrandum.

138 2812 348 2860 Quoniam
382 2815 425 2854 in
454 2815 536 2854 ΑΡ.
570 2817 717 2855 nostro
745 2815 1040 2865 epigrammati
1069 2814 1111 2852 in
1143 2814 1251 2853 serie
1282 2813 1524 2852 Simonidca
1556 2812 1644 2862 (VI.
1674 2811 1769 2861 2123)

139 2880 421 2929 praemittitur
456 2881 716 2931 epigramma
756 2878 1043 2931 choreyicum
1085 2879 1373 2919 Simonideum
1413 2879 1591 2917 alterum
1629 2876 1767 2927 (145),

0 2995 15 3003 .
140 2953 208 2984 res
247 2945 566 2995 explicationem
609 2946 736 2985 habet
778 2946 969 2995 facilem,
1017 2945 1052 2983 si
1096 2945 1306 2983 sumimus
1349 2943 1600 2982 imitatorem
1645 2954 1768 2980 usum

1 3026 7 3062 g
138 3018 232 3048 esse
258 3010 611 3061 epigrammatum
636 3011 876 3051 collectione
899 3022 994 3049 cum
1021 3010 1103 3048 ΑΡ.
1130 3010 1309 3059 cognata
1334 3008 1505 3058 (Coron.
1534 3006 1768 3056 Mcleagr.),

1 3077 2 3080 ’
140 3071 183 3112 in
217 3085 302 3125 qua
335 3075 387 3114 iis
421 3075 684 3126 temporibus
712 3076 1017 3126 epigrammate
1048 3074 1150 3114 Sim.
1183 3074 1257 3113 147
1287 3072 1507 3122 choregico
1535 3084 1599 3121 cp.
1630 3072 1771 3111 chore-
