2072 3568
342 267 443 319 Cap.
477 265 567 318 III,
600 266 674 317 28,
707 266 771 308 24.
1123 264 1194 307 194

341 395 486 444 poetae
522 393 681 431 omIsso
718 392 851 431 elucet
892 391 1092 431 Suideam
1132 390 1323 431 notitiam
1357 401 1577 432 recurrere
1603 390 1658 432 ad
1686 389 1979 444 muudum

342 460 373 498 Ῑ.
410 459 506 508 132,
546 458 762 498 Schwartz
791 457 850 496 Μ.
885 457 999 496 haud
1029 456 1116 496 scio
1144 468 1199 495 an
1230 456 1323 495 iure
1350 456 1612 497 contenderit
1639 459 1857 509 sumptam
1881 467 1980 499 onae

339 526 524 575 glossam
554 536 604 563 cx
634 523 840 573 scriptore
867 522 1077 572 quodam,
1109 522 1182 572 qui
1212 522 1254 561 in
1285 521 1565 561 tundamento
1586 521 1828 563 Herodotoo
1849 522 1980 575 atqua
2059 520 2072 572 ἶ,

2053 380 2072 547 3

338 588 612 639 Thucydideo
641 589 782 627 varias
811 588 1040 627 struxisset
1070 587 1337 627 narrationes
1353 587 1437 636 ¹⁸¹).
1469 587 1533 627 Ad
1561 586 1672 627 idem
1699 586 1977 629 historiarum
2055 586 2072 647 ἢ

338 666 475 704 genus
513 654 606 693 viro
642 654 693 693 cl.
737 653 948 704 pertinere
987 653 1155 693 videtur
1193 653 1359 693 libellus
1397 652 1651 692 Aristodemi
1690 651 1763 705 (oi.
1796 650 1825 703 ss
1855 651 1974 705 119),
2057 653 2072 659 ‘¹

337 720 409 770 qui
458 720 586 759 FHG.
629 720 663 758 V
705 732 745 770 p.
790 719 812 759 7
854 718 1061 758 eiusmodi
1103 718 1158 758 de
1199 718 1413 758 Pausania
1456 718 1630 769 praebet
1670 719 1974 760 narrationem.
2055 756 2057 758 .

340 785 497 825 Suidas
525 785 567 824 in
598 785 850 835 Anthologia
876 784 1120 835 Cephalana
1148 784 1259 823 idem
1288 795 1353 834 ep.
1382 782 1590 823 Simonidi
1613 782 1824 824 tributum
1848 785 1979 834 atque

337 851 378 889 in
409 853 526 890 textu
560 850 588 890 S
621 850 723 900 (ΑΡ.
756 850 826 889 VI.
862 849 956 900 197)
988 850 1174 900 reperire
1202 852 1410 900 potuerat.

391 916 498 966 Epp.
533 916 580 955 91
621 918 661 955 et
698 915 750 955 92
789 926 823 955 s.
855 927 895 954 v.
936 913 1157 959 Λεωνίόας
1194 915 1398 966 leguntur
1425 915 1469 954 in
1498 915 1608 954 trad.
1641 914 1674 954 Δ
1705 913 1791 966 (ep.
1820 913 1876 955 92
1900 912 1975 966 A')

337 981 561 1020 manifesto
607 981 662 1020 ad
711 981 973 1020 Herodotum
1023 980 1310 1031 recurrentia-‚
1361 992 1459 1020 cum
1501 980 1611 1021 trad.
1655 978 1686 1020 S
1730 977 1891 1020 Suidao
1930 978 1976 1020 ln

336 1046 461 1085 Anth.
496 1046 625 1097 Ceph.
661 1046 762 1096 (ΑΡ.
797 1046 890 1085 VII.
922 1046 1002 1085 248
1040 1044 1127 1096 sq.)
1168 1048 1339 1096 praesto
1376 1045 1541 1085 fuisset.
1588 1045 1697 1085 Fieri
1725 1045 1887 1096 potest,
1926 1046 1978 1086 ut

337 1112 438 1151 haec
484 1123 656 1162 quoque
701 1111 845 1162 glossa
891 1123 943 1151 ex
990 1112 1062 1151 tali
1110 1111 1310 1151 historica
1352 1111 1583 1161 scriptione
1621 1110 1678 1151 sit
1717 1109 1972 1162 ἀαιιωμι,

334 1177 474 1227 qualis
529 1189 662 1228 supra
718 1179 1045 1217 commemorata
1100 1179 1178 1216 est.
1236 1177 1326 1216 Nisi
1381 1175 1626 1227 ceteroquin
1680 1177 1824 1216 textu·
1872 1174 1977 1216 vitio

335 1243 568 1293 laboraret,
609 1242 805 1293 equidem
844 1254 949 1282 sane
986 1254 1064 1293 pro
1101 1242 1283 1282 insiticio
1320 1242 1478 1282 habere
1514 1252 1600 1281 non
1635 1241 1775 1282 ausim
1800 1251 1869 1293 ep.
1894 1239 1972 1293 91,

334 1308 471 1358 quod,
513 1319 610 1348 cum
648 1308 756 1347 desit
795 1308 837 1347 in
877 1308 1093 1347 codicibus
1131 1307 1241 1347 ABV
1279 1307 1536 1358 (potioribus
1570 1306 1693 1358 sane)
1729 1306 1861 1359 vulgo
1886 1303 1975 1348 non

333 1373 544 1412 adiectum
582 1376 755 1413 censent
793 1385 818 1413 a
857 1373 1004 1413 Suida.
1051 1373 1133 1419 Qui
1163 1376 1390 1423 postquam
1419 1373 1473 1412 de
1500 1373 1713 1413 Leonidae
1737 1371 1975 1414 nalal-ibn·

334 1440 462 1488 atque
503 1438 556 1477 de
596 1438 892 1490 Thermopylis
934 1439 1163 1489 disseruit,
1209 1439 1348 1490 pergit
1389 1440 1476 1479 sic:
1518 1436 1772 1484 ἐπελθόντος
1810 1435 1861 1479 ae
1897 1439 1976 1479 τοῦ

332 1502 540 1555 βασιλέως
586 1503 627 1543 οἷ
672 1502 751 1555 μὲν
797 1502 912 1544 ἄλλοι
958 1503 1109 1549 πάντες
1154 1501 1200 1543 τὸ
1244 1502 1412 1557 πλῆθος
1457 1501 1762 1556 εὐλαβηθέντες
1800 1501 1973 1557 ἔφυγον.

338 1567 519 1621 θηβαΐοι
545 1568 590 1609 ὁὲ
615 1569 930 1622 ηὐτομόλησαν·
956 1570 1032 1615 οὓς
1055 1568 1202 1622 λαβὼν
1221 1569 1351 1617 ἔστιξε
1370 1567 1564 1620 βασιλεὺς
1582 1566 1689 1620 ῒοὺν
1706 1566 1976 1621 στρατιώταις

333 1634 582 1686 τριακοσίοις
627 1633 909 1687 Σπαρτιάταις
925 1647 933 1655 ·
981 1635 1278 1688 ἐπιγέγραπται
1323 1634 1390 1675 ἐπὶ
1437 1633 1660 1676 Λεωνίόου
1701 1633 1972 1688 ἐπίγραμμα·

335 1698 549 1752 [μυριάσιν
589 1699 663 1741 κτλ
666 1731 879 1742 .....
929 1701 1012 1753 (ep.
1051 1701 1122 1751 91)
1164 1700 1236 1741 καὶ
1277 1700 1419 1753 ἕτερον
1459 1699 1527 1741 ἐπὶ
1568 1698 1688 1741 δυσὶν
1726 1696 1974 1752 &deific-l

333 1763 371 1805 ὦ
400 1765 496 1812 ξεῖν’
520 1765 592 1806 κτλ
596 1797 777 1806 .....
813 1767 896 1818 (ep.
929 1766 1015 1817 92).
1064 1767 1236 1807 Fratres
1264 1767 1373 1817 duo,
1409 1766 1483 1816 qui
1512 1766 1901 1806 commemorantur
1925 1764 1973 1805 in

332 1831 539 1870 sententia
581 1832 778 1871 cancellis
820 1833 1007 1882 inclusa,
1054 1835 1157 1872 sunt
1197 1833 1386 1883 Alpheus
1427 1834 1558 1882 atque
1597 1831 1740 1882 Maro,
1784 1839 1972 1882 quorum

331 1897 551 1936 audaciam
595 1897 741 1937 laudat
783 1898 1029 1937 Herodotus
1066 1898 1162 1937 VII.
1201 1897 1292 1937 227.
1338 1897 1406 1936 Ex
1433 1897 1571 1948 capite
1596 1896 1793 1947 sequenti
1817 1904 1971 1947 propa·

331 1964 458 2012 gatus
495 1965 558 2002 est
595 1964 951 2014 epigrammatum
990 1964 1038 2003 91
1078 1966 1119 2003 et
1154 1963 1207 2003 92
1244 1964 1407 2012 textus;
1446 1963 1567 2002 lectio
1599 1959 1748 2015 ἄγγελε
1781 1958 1866 2013 (ομ
1896 1958 1970 2012 92)

331 2027 461 2078 igitur
497 2028 729 2079 depravata
766 2031 830 2068 est
868 2041 919 2068 ex
958 2027 1168 2080 ἀγγέλλειν
1204 2028 1299 2079 (Αἱ,
1332 2028 1394 2068 sic
1422 2029 1534 2068 recte
1560 2026 1652 2067 cod.
1685 2025 1762 2078 E),
1802 2036 1889 2067 non
1914 2036 1974 2066 ox

330 2091 521 2144 ἄγγειλον
552 2093 625 2144 (A'
652 2097 693 2134 et
724 2093 789 2144 S).
1567 2110 1573 2115 ·

934 2230 999 2270 24.
1062 2238 1362 2271 PS.—'1·RYPHO.

385 2352 410 2405 ξ
444 2354 532 2393 113.
594 2353 661 2394 De
686 2354 885 2406 syllabas
911 2354 1165 2406 hyperbato
1192 2353 1244 2394 in
1267 2365 1334 2405 ep.
1354 2353 1448 2393 159
1469 2351 1616 2393 obvio.
1663 2352 1717 2392 Iu
1740 2351 1972 2404 scriptione

328 2418 421 2470 περὶ
460 2418 631 2471 τρόπων
670 2419 753 2470 (ed.
786 2431 811 2459 a
841 2420 1122 2459 Boissonadio
1151 2420 1228 2459 An.
1262 2419 1336 2459 Gr.
1369 2419 1451 2458 111.
1483 2417 1695 2459 270—284
1722 2416 1969 2469 Tryphoni!

331 2485 520 2535 nomine,
553 2497 577 2524 a
602 2485 760 2524 Walzio
789 2485 868 2524 Rh.
898 2485 971 2525 Gr.
996 2485 1114 2524 VIII.
1145 2484 1377 2535 761—778‚
1413 2483 1641 2535 Spengelio
1669 2482 1749 2523 mn.
1776 2482 1852 2523 Gr.
1879 2481 1964 2523 111.

328 2550 406 2588 215
453 2562 546 2599 sqq.
592 2551 798 2601 Gregorio
845 2551 1065 2591 Corinthio
1105 2550 1309 2590 attributa
1325 2580 1336 2600 ,
1386 2561 1474 2599 quo
1515 2560 1618 2588 vero
1658 2547 1968 2588 Krumbaehffl
2047 2541 2060 2598 f

329 2614 481 2653 iudicio
522 2616 621 2665 Byz.
662 2615 733 2654 L.¹
769 2615 848 2655 588
885 2628 949 2666 sq.
989 2616 1117 2666 paulo
1143 2617 1208 2655 est
1237 2615 1463 2664 vetustior,
1505 2614 1558 2654 cf.
1591 2615 1808 2664 praeterea
1837 2611 1967 2653 Sua·-

372 2801 434 2843 156)
479 2802 564 2836 ‘Aut'
592 2805 671 2836 «iem
706 2805 1168 2847 herod.-thukydideischen
1201 2804 1424 2837 Grundstock
1455 2803 1533 2836 sind
1564 2802 1699 2836 alterici
1729 2800 1966 2835 Goechichtm
2047 2800 2058 2834 ’ξ

327 2860 580 2901 ausgepssanzt,
612 2861 667 2893 die
699 2861 868 2894 beriihmt
901 2862 971 2894 und
1005 2861 1137 2894 beliebt
1168 2871 1305 2900 waren,
1337 2861 1415 2893 hier
1444 2860 1517 2893 und
1540 2860 1587 2892 da
1609 2859 1725 2892 lnahen
1749 2858 1841 2892 aad:
1864 2856 1965 2892 vui-

327 2920 435 2948 nnten
466 2917 534 2949 den
569 2917 708 2950 nerium
738 2918 802 2949 der
833 2917 1070 2960 iianptquelie
1102 2918 1294 2959 verdffingt
1324 2942 1332 2949 .
1358 2942 1366 2949 .
1391 2941 1398 2948 .
1423 2941 1431 2949 .
1463 2916 1519 2948 die
1550 2916 1720 2956 Qucum,
1752 2924 1819 2947 von
1848 2913 1980 2957 &naq-

327 2973 420 3003 dit-se
443 2972 778 3005 Seitentraditionen
806 2974 1014 3015 hergeleitet
1036 2974 1134 3014 sind,
1158 2974 1272 3006 lamen
1296 2973 1371 3006 sich
1397 2973 1496 3005 nicht
1519 2972 1623 3004 mehr
1644 2970 1868 3004 noehweisen
1891 2969 1966 3003 uua
2015 2974 2023 2986 ⁸

327 3038 364 3058 so
388 3029 432 3059 ist
456 3038 493 3059 c<
517 3029 714 3069 gefiihriivh
741 3030 817 3061 hier
841 3031 907 3062 unit
930 3030 1157 3062 bestimmten
1182 3030 1341 3071 Namen,
1365 3031 1431 3061 wie
1454 3029 1519 3061 mit
1540 3028 1621 3060 dem
1645 3028 1708 3060 das
1727 3027 1882 3069 Ephorus
1900 3034 1963 3059 um

327 3083 398 3114 sich
431 3094 469 3114 zu
498 3085 639 3116 wer-sen*
662 3086 830 3124 (vidimus
853 3090 973 3118 autem
997 3084 1015 3123 ἓ
1038 3085 1083 3117 59
1107 3086 1296 3119 verisimile
1318 3095 1395 3118 esse
1418 3095 1460 3117 ex
1486 3084 1621 3126 Ephoro
1645 3084 1788 3116 fluxisse
1809 3082 1963 3126 glesum

331 3136 507 3179 Ποικίλη).

2060 661 2072 740 ἓ

2054 750 2072 814 „Li

2059 1825 2072 1928 ξ

2057 1932 2072 1991 ὲ

2056 1993 2072 2049 *i

2058 2036 2072 2128 Ξ
