2072 3568
954 231 1032 271 215
1659 232 1684 285 g
1717 234 1805 273 127.

175 356 323 396 auctor
345 355 451 394 adeo
474 366 647 394 necesse
670 355 878 394 habuerat
900 356 1056 394 addere
1079 367 1252 395 causam
1280 355 1414 407 (ἐπεί
1434 356 1507 408 σφ’
1531 356 1654 409 ἀρετὴ
1680 356 1804 408 κτλ),

175 433 260 472 qua
295 421 481 460 imitator
518 420 720 459 nimirum
760 432 805 459 se
842 433 986 460 carere
1013 433 1139 471 posse
1167 422 1400 460 arbitratus
1429 424 1505 461 est.
1556 423 1809 472 Superfluae

173 487 304 538 igitur
341 488 443 525 sunt
479 487 764 525 coniecturae:
802 485 1008 538 εὐψύχων
1045 487 1240 526 Meinekii
1278 499 1301 526 a
1343 487 1522 527 Stadtm.
1565 489 1608 526 in
1646 490 1807 527 textum

175 553 367 602 recepta,
420 550 606 603 ἀψύχων
658 552 915 602 Hartungii,
971 551 1130 604 ἔμψυχ’
1177 551 1362 604 ἀψύχων
1411 554 1594 604 Bergkii.
1657 555 1806 592 Itidem

177 616 384 656 Simonidi
433 617 611 655 debetur
659 617 812 656 locutio
861 615 938 656 ἅδε
985 616 1167 656 κέκευθε
1215 615 1356 667 κόνις,
1410 630 1467 657 sc.
1515 619 1808 668 epigrammati

174 682 428 722 Archedicae
469 682 570 731 111,
618 694 701 720 non
740 683 877 743 magis
914 683 1045 732 igitur
1083 683 1335 722 coniecturis
1372 684 1628 723 eliminanda
1669 683 1809 734 (τάνδε

67 756 71 767 ‘
117 741 121 744 ’
173 746 353 787 κέκευθε
388 745 507 786 κόνιν
543 748 772 798 Hartung,
819 745 895 786 ἅδε
931 746 1135 791 κέλευθος
1172 747 1254 799 ἔχει
1292 749 1477 798 Hecker,
1523 747 1592 787 ἅδ’
1624 747 1809 800 ἀνέθηκε

173 810 292 856 πόλις
320 812 601 852 Reitzenstein
631 825 672 863 p.
699 813 796 862 115,
827 813 986 852 Jacobs
1015 814 1150 852 totum
1180 825 1220 851 v.
1244 813 1268 851 4
1298 813 1521 851 delendum
1553 812 1750 863 censuit).

226 877 382 917 Auctor
410 878 645 917 cumulavit
671 878 905 917 locutiones
921 908 931 928 ‚
973 878 1131 927 quibus
1161 878 1372 928 genuinae
1398 879 1685 928 inscriptionis
1715 891 1807 929 spe-

172 942 256 982 cies
296 943 591 993 epigrammati
633 943 968 982 demonstrativo
1011 945 1316 993 apponeretur:
1361 941 1514 989 τῶνδε,
1556 943 1676 989 ποτέ,
1720 943 1806 996 ἥδε.

175 1007 324 1048 Sermo
360 1009 530 1048 fucatus
564 1011 691 1058 atque
719 1011 939 1048 contortus
968 1009 1178 1048 neminem
1207 1009 1319 1048 latet.
1366 1006 1675 1048 Aleiandrinae
1703 1010 1807 1048 artis

171 1075 236 1113 est
262 1074 519 1124 praepositio
547 1071 635 1113 ἀντὶ
662 1074 706 1112 in
736 1074 998 1113 carminibus
1027 1074 1358 1124 sepulcralibus,
1392 1075 1513 1113 cuius
1541 1075 1731 1124 exempla
1756 1085 1807 1112 ex

173 1139 428 1179 Callimacho
464 1139 629 1189 collegit
668 1140 834 1178 Hecker
872 1140 916 1177 II
954 1152 994 1189 p.
1033 1139 1110 1178 292
1151 1139 1263 1190 (VII.
1302 1140 1443 1189 271‚5;
1483 1139 1623 1189 467‚7;
1665 1139 1804 1188 649,1;

172 1203 245 1243 IX.
287 1203 427 1254 600,3)
446 1235 456 1254 ,
502 1205 576 1254 qui
618 1206 742 1244 antea
785 1205 805 1243 I
848 1217 888 1254 p.
931 1205 1008 1243 224
1052 1205 1407 1254 praepositionem
1450 1205 1523 1243 h.l.
1567 1204 1806 1243 coniectura

171 1269 474 1310 eliminaverat.
521 1271 667 1320 Neque
703 1270 842 1320 quinti
880 1270 946 1309 vel
983 1271 1125 1319 quarti
1165 1271 1321 1309 saeculi
1349 1273 1413 1309 est
1440 1269 1589 1309 λοῦσεν
1618 1267 1802 1320 ψακάδι,

171 1335 224 1375 cf.
257 1335 396 1387 αἱματι
424 1334 664 1387 λουσάμενα
692 1336 736 1374 in
766 1348 830 1386 ep.
861 1336 935 1375 143
968 1335 1038 1387 (de
1066 1347 1152 1386 quo
1181 1336 1264 1375 vid.
1296 1335 1321 1387 ἓ
1355 1335 1463 1386 130).

224 1401 452 1441 Videamus
493 1401 677 1450 denique
713 1401 865 1440 lemma
903 1400 959 1445 εἰς
995 1398 1092 1445 τοὺς
1128 1399 1330 1445 πεσόντας
1366 1400 1468 1451 παρ’
1503 1397 1805 1451 Εὐρυμέδοντα

170 1464 364 1517 ποταμὸν
383 1464 598 1518 ’Έλληνας
633 1466 709 1505 ‘Ad
739 1467 958 1506 victoriam
988 1467 1367 1517 Eurymedontiam
1390 1468 1546 1505 temere
1569 1478 1632 1515 ep.
1658 1465 1805 1504 referri

171 1542 195 1570 a
222 1531 476 1571 lemmatista
509 1532 666 1571 vidisse
691 1531 956 1571 Jacobsium'
983 1534 1158 1585 annotat
1186 1532 1479 1581 Stadtmiiller‚
1513 1532 1564 1570 cf.
1592 1531 1806 1570 Schwartz

171 1607 303 1646 supra
343 1597 456 1636 laud.
507 1597 591 1636 Sed
632 1598 726 1647 ipsa
769 1609 898 1647 quam
939 1598 1223 1637 indicavimus
1261 1598 1437 1636 imitatio
1474 1597 1616 1646 arguit
1652 1597 1805 1635 lemma

170 1662 327 1712 optime
363 1675 410 1702 se
447 1663 615 1702 habere.
663 1663 714 1702 Id
743 1665 885 1702 autem
914 1664 998 1702 iam
1027 1664 1264 1713 antiquitus
1293 1663 1484 1702 additum
1513 1673 1607 1700 esse
1635 1673 1806 1700 necesse

169 1729 246 1766 est.
284 1729 406 1768 Unde
433 1729 544 1769 enim
573 1729 827 1767 lemmatista
855 1729 1024 1768 efficere
1051 1729 1187 1778 potuit
1216 1728 1625 1779 Eurymedontiacos
1654 1727 1806 1766 heroas

171 1793 404 1833 celebrari?
448 1794 570 1839 Quod
610 1794 866 1833 confirmare
904 1795 1071 1833 videtur
1099 1795 1178 1834 hoc
1206 1795 1358 1833 lemma
1388 1794 1678 1843 comparatum
1708 1804 1803 1831 cum

169 1857 365 1897 lemmate
386 1859 479 1898 eius
502 1860 820 1909 epigrammatis
845 1859 1169 1909 Eurymedontii
1195 1858 1307 1909 (VII.
1327 1858 1426 1907 258,
1451 1870 1515 1907 ep.
1538 1856 1652 1907 105),
1681 1857 1805 1896 cuius

169 1933 234 1972 ep.
256 1923 331 1962 106
351 1926 599 1973 praesertim
620 1926 684 1963 est
698 1925 893 1964 imitatio:
915 1924 971 1968 εἰς
985 1922 1082 1968 τοὺς
1098 1922 1199 1971 μετὰ
1216 1922 1419 1975 Κίμωνος
1438 1922 1487 1962 ἒν
1503 1919 1806 1973 Εὐρυμέδοντι

170 1986 469 2038 ἀριστεύοντας.
509 1990 642 2029 Cuius
670 1989 880 2028 lemmatis
909 1991 1057 2028 auctor
1086 2001 1171 2028 non
1201 1989 1403 2027 intellexit
1431 1988 1568 2038 ipsius
1597 1987 1805 2037 epigram-

170 2054 295 2093 matis
343 2066 513 2094 versum
562 2055 775 2104 primum:
823 2053 912 2094 οἵδε
957 2053 1078 2105 παρ’
1121 2052 1466 2105 Εὐρυμέδοντα,
1518 2064 1628 2102 quae
1675 2052 1804 2090 verba

169 2120 310 2159 tamen
356 2120 400 2159 in
446 2121 693 2159 imitationis
735 2120 930 2160 lemmate
971 2121 1136 2170 integra
1180 2122 1282 2158 sunt
1323 2121 1505 2158 servata.
1566 2117 1690 2163 Quod
1731 2116 1803 2165 qui

169 2185 498 2235 explicandum?
542 2186 793 2236 Imitationi,
826 2186 996 2235 opinor,
1029 2185 1083 2224 ab
1112 2185 1303 2234 homine,
1337 2185 1410 2233 qui
1440 2195 1524 2222 non
1554 2182 1799 2233 ignorabat,

169 2250 292 2290 cuius
319 2250 638 2301 epigrammatis
666 2253 778 2289 esset
806 2251 1009 2299 imitatio,
1051 2250 1203 2289 lemma
1232 2250 1377 2299 optimi
1408 2248 1617 2287 sermonis
1646 2247 1803 2296 ascrip-

169 2316 259 2354 tum
288 2318 352 2355 est
380 2317 515 2355 aetate
543 2315 800 2365 antiquiore;
831 2316 1092 2366 epigramma
1121 2315 1263 2364 ipsum
1293 2326 1387 2352 sero
1416 2314 1586 2353 demum
1610 2314 1804 2352 lemmate

169 2383 368 2420 ornatum
406 2384 470 2420 est
504 2381 558 2420 ab
592 2381 784 2431 homine,
827 2381 894 2420 cui
922 2392 1029 2419 usus
1059 2380 1383 2430 praepositionis
1412 2377 1527 2430 παρὰ
1557 2391 1653 2418 cum
1683 2390 1802 2417 accu-

170 2447 306 2486 sativo
343 2446 593 2486 coniunctae
629 2448 725 2496 post
763 2446 919 2495 verba,
962 2457 1072 2495 quae
1109 2445 1399 2484 commorandi
1436 2445 1479 2482 in
1518 2444 1608 2482 loco
1646 2443 1803 2482 habent

169 2513 405 2562 notionem,
437 2512 610 2562 ignotus
638 2513 728 2551 erat
748 2510 832 2562 166).
874 2512 933 2550 De
961 2511 1090 2549 huius
1119 2511 1327 2549 lemmatis
1358 2521 1459 2549 voce
1487 2509 1634 2548 ultima
1655 2506 1801 2559 Ἕλλη-

169 2590 244 2621 νας
272 2577 356 2616 vid.
387 2576 413 2628 ἓ
444 2589 531 2627 seq.

222 2642 374 2692 Itaque
410 2653 539 2692 quam
577 2643 687 2682 inter
727 2642 1017 2695 Simonideum
1053 2653 1117 2691 ep.
1147 2641 1506 2690 Thermopylense
1534 2639 1627 2678 VII.
1657 2639 1730 2677 251
1763 2639 1800 2677 et

213 2825 275 2867 166)
323 2826 436 2859 Etiam
458 2827 627 2868 Planudi,
647 2827 708 2869 qui
729 2828 764 2860 in
785 2827 892 2868 epigr.
915 2829 1013 2859 textu
1036 2836 1099 2858 suo
1122 2828 1234 2857 marte
1256 2825 1313 2864 (cs.
1332 2825 1348 2861 ,ξ’
1366 2823 1445 2863 108)
1463 2823 1558 2854 dedit
1575 2819 1662 2862 παρ’
1686 2818 1801 2861 Ευρυ-

167 2880 333 2924 μὲδοντι.
368 2882 581 2916 Conferatur
612 2884 708 2916 Eust.
739 2883 861 2923 403‚13
891 2883 933 2914 ad
968 2880 1003 2914 Γ
1019 2881 1083 2913 187
1107 2878 1346 2922 ἐστρατόωντο
1368 2877 1469 2920 παρ’
1497 2878 1520 2909 ὅ
1525 2877 1639 2920 χϋας
1666 2876 1801 2918 Σαγγα-

168 2937 274 2981 ρίοιο]
298 2935 373 2971 ἀντὶ
396 2941 457 2971 τοῦ
480 2935 587 2979 κατὰ
611 2937 764 2981 ὄχθας,
787 2936 824 2970 οἱ
844 2935 883 2970 δὲ
905 2935 992 2979 μεθ’
1011 2936 1174 2979 ’Όμηρον
1196 2933 1293 2977 παρ’
1310 2934 1464 2977 ὄχθαις
1489 2932 1606 2976 φασίν.
1640 2934 1801 2965 Priscian.

172 2995 274 3028 xvu.
294 2995 360 3028 264
377 2994 432 3036 (G.
452 2996 487 3028 L.
505 2995 563 3028 111.
581 2995 647 3028 344
666 2995 739 3037 K.):
765 2995 877 3027 Attici
903 2991 1030 3036 *παρὰ
1055 2991 1110 3025 σέ
1134 3003 1201 3035 pro
1225 2988 1354 3033 ιπαρὰ
1378 3002 1427 3023 σο
1437 2990 1470 3031 l',
1494 2991 1671 3032 quomodo
1688 2994 1720 3021 ce
1740 2999 1801 3021 nos

170 3049 279 3093 ‘apud
297 3050 350 3084 ιε’.
376 3051 718 3094 Aristophanes
745 3048 891 3093 Ποιήσει
916 3050 1052 3091 (fr.388
1068 3049 1199 3088 ¹)ind.):
1224 3050 1372 3090 γυναῖκα
1397 3044 1441 3089 δὴ
1467 3046 1649 3089 ζητοῦντες
1673 3042 1801 3077 ἐνθάδε

169 3105 323 3150 ἥκομεν,
347 3105 390 3150 ἥν
413 3118 520 3150 φασιν
543 3104 629 3140 εἶναι
652 3103 770 3149 παρὰ
794 3104 843 3139 σέ.
876 3107 998 3147 (Locos
1023 3107 1086 3138 hos
1109 3105 1217 3137 debeo
1242 3105 1306 3137 lex.
1331 3103 1467 3145 Steph.)
