2072 3568
0 319 9 340 ’Ν
0 274 10 296 ⁴¹*
0 198 13 266 ΨΜ*
0 171 7 183 ““
0 0 14 162 'ww

19 282 22 285 “
23 79 24 82 ⁴
21 35 38 49 ζ’
19 0 34 23 „fi

15 2127 21 2139 μ,
13 2072 17 2074 ·
16 2042 19 2046 .
13 1928 20 1975 πυ..
12 1858 13 1861 Α
12 1816 20 1838 :-

0 2330 21 2438 rans
0 2250 23 2314 αῖς
0 2218 14 2233 r
0 2192 14 2201 r

15 3011 19 3018 -
26 2980 33 2987 ἢ
0 2430 39 2933 evacuasse-2*

16 3018 37 3042 θ’

12 3087 41 3127 »εξ

11 3123 35 3153 ὃς

18 3157 28 3166 ,

2 3164 42 3190 *t

886 230 934 272 15
1497 235 1522 289 ξ
1556 238 1625 288 12,
1662 238 1723 279 13.

90 355 286 407 sumpsit.
334 355 441 396 Cum
480 358 619 395 autem
659 357 772 407 apud
812 358 928 397 viros
966 359 1112 398 doctos
1151 361 1266 400 nulla
1304 363 1464 400 extaret
1494 363 1721 413 dubitatio,

89 422 193 472 quin
231 421 476 460 Herodotus
514 434 567 461 ex
599 423 813 472 lapidibus
842 425 1149 474 epigrammata
1179 426 1269 475 ipse
1298 427 1377 465 sibi
1407 428 1722 479 descripsisset,

88 487 336 526 historicum
373 487 527 537 legisse
563 489 606 526 in
645 488 767 538 cippo
806 489 1023 539 Megistiae
1060 491 1153 540 ipso
1191 503 1342 530 nomen
1385 492 1637 544 Simonidis,
1679 499 1725 534 ut

87 552 374 602 inscriptionis
403 552 679 602 dedicatoriS,
713 554 1058 593 constituendum
1089 556 1168 594 sibi
1200 558 1376 606 putavit.
1411 557 1530 602 Quae
1557 559 1720 608 opinio,

86 617 180 656 licet
217 617 407 656 virorum
447 618 782 657 clarissimorum
812 620 1021 658 Wilhelmi
1050 623 1090 659 et
1122 621 1421 660 Wilamowitzii
1445 622 1492 672 Ῑ(ἱ)
1526 624 1722 672 plausum

85 681 235 720 tulisse
263 681 480 730 videatur,
514 694 582 721 me
610 694 633 721 a
666 694 765 721 vero
794 695 922 732 quam
954 686 1281 724 remotissimam
1310 687 1497 726 iudicare
1525 689 1607 727 iam
1637 691 1722 728 dixi

88 745 114 797 ξ
145 746 192 796 6,
236 759 332 785 cum
373 747 543 797 Pregeri
586 748 663 786 loci
703 749 930 787 Herodotei
972 750 1359 799 interpretationem
1403 754 1616 793 referrem.
1664 756 1724 794 Ne

85 813 221 850 cetera
257 814 511 862 argumenta
541 824 656 852 nunc
687 815 892 863 repetam:
933 814 1199 864 Herodotus,
1242 817 1276 854 si
1309 816 1538 857 Simonidis
1569 831 1719 859 nomen

84 877 212 926 lapidi
250 878 511 928 insculptum
551 878 760 917 invenerit
798 901 849 905 -
888 880 1002 928 quod
1040 881 1235 929 equidem
1271 883 1506 931 praefracte
1535 896 1642 934 nego
1672 909 1721 912 —

83 953 135 980 ex
180 954 230 981 eo
275 943 399 982 unice
445 943 630 982 effecerit
679 955 850 982 necesse
896 946 960 982 est
1012 945 1271 984 Simonidem
1320 952 1718 989 monumentum

84 1019 355 1057 posuisse.

136 1073 307 1123 Itaque,
355 1074 436 1112 nisi
479 1085 530 1112 ex
572 1075 879 1114 traditione
921 1076 1130 1126 quadam,
1179 1077 1280 1116 haec
1320 1079 1465 1117 notitia
1506 1080 1720 1119 Herodoto

81 1138 319 1178 innotuisse
347 1151 431 1178 non
462 1141 612 1189 potest.
647 1140 881 1179 Traditioni
911 1153 1104 1191 quoque,
1139 1144 1266 1191 atque
1291 1143 1382 1182 sine
1406 1144 1535 1182 dubio
1559 1146 1714 1196 eidem,

83 1203 346 1242 Herodotum
384 1204 584 1243 debuisse
621 1207 956 1244 consentaneum
989 1208 1053 1245 est
1083 1207 1273 1246 notitiam
1302 1209 1354 1246 de
1382 1210 1602 1260 gentibus,
1645 1213 1718 1260 qui

16 1283 22 1285 ⁴
81 1267 123 1306 in
157 1262 590 1319 ‘Peloponnesiorum'
622 1271 928 1320 epigrammate
956 1272 1152 1311 celebrati
1182 1273 1316 1312 fuisse
1345 1274 1603 1314 viderentur.

133 1334 256 1374 Nunc
293 1337 433 1374 autem
472 1335 665 1384 quaestio
704 1336 861 1386 oritur,
906 1338 1051 1375 utrum
1081 1349 1132 1376 ex
1160 1339 1306 1377 eadem
1335 1339 1560 1379 traditione
1590 1341 1717 1380 histo-

14 1411 25 1451 ζ-
80 1399 195 1438 ricus
233 1400 425 1449 petiverit
463 1401 819 1450 epigrammatum
857 1402 986 1440 trium
1025 1405 1187 1442 textum
1221 1415 1274 1442 an
1305 1416 1352 1442 ea
1383 1405 1473 1453 ipse
1500 1417 1551 1444 ex
1580 1407 1719 1456 lapide

14 1502 26 1519 ,⁷
79 1466 336 1515 cognoverit.
384 1465 474 1504 Iam
514 1478 589 1516 per
629 1478 694 1516 se,
738 1467 910 1517 opinor,
955 1468 1173 1517 probabile
1207 1472 1270 1507 est
1298 1481 1390 1508 eam
1422 1471 1712 1522 traditionem,

78 1541 189 1580 quae
214 1530 428 1570 Herodoto
454 1532 624 1571 notitias
649 1533 701 1570 de
726 1533 945 1582 cipporum
972 1534 1383 1584 inscriptionumque
1405 1536 1716 1576 dedicatoribus

78 1596 206 1644 atque
242 1595 295 1633 de
331 1596 531 1645 gentibus
568 1597 610 1635 in
651 1597 788 1646 primo
826 1598 1131 1648 epigrammate
1169 1600 1386 1639 honoratis
1421 1603 1716 1651 suppeditasse

12 1651 18 1678 ”³
78 1659 294 1709 videatur,
337 1671 616 1700 conservasse
652 1674 824 1711 quoque
860 1663 1215 1713 epigrammatum
1253 1666 1444 1714 ipsorum
1475 1667 1616 1706 verba.
1665 1670 1714 1707 At

15 1758 18 1762 .
79 1724 352 1764 nihilominus
376 1726 690 1765 concedendum
718 1729 781 1765 est
806 1727 898 1766 fieri
923 1730 1134 1778 potuisse,
1169 1732 1215 1768 ut
1241 1730 1485 1770 Herodotus
1506 1733 1714 1782 epigram-

77 1792 189 1829 mata
231 1790 274 1829 in
317 1791 451 1841 cippis
493 1803 664 1842 quoque
706 1794 888 1844 legeret,
940 1794 975 1831 si
1020 1795 1167 1833 saltem
1212 1798 1423 1836 constaret
1467 1799 1713 1848 scriptorem

77 1855 384 1907 Thermopylas
414 1858 623 1897 visitasse.

129 1920 398 1971 Quamquam
436 1925 597 1962 certum
627 1925 915 1963 testimonium
947 1947 996 1953 —
1025 1926 1150 1975 quale
1179 1927 1386 1966 habemus
1415 1929 1467 1967 de
1496 1929 1588 1967 aliis
1618 1930 1709 1969 eius

14 1994 39 2035 ἐγ
74 1986 297 2027 itineribus
334 2011 385 2016 —
423 1989 562 2039 deest,
606 1990 684 2028 viri
723 1990 831 2029 docti
871 1991 959 2030 fere
997 2003 1144 2030 omnes
1174 1991 1226 2042 17)
1268 2005 1351 2032 non
1382 1994 1708 2046 dubitaverunt,

31 2074 34 2075 ν
75 2051 178 2101 quin
228 2050 469 2093 Herodotus
511 2054 602 2104 ipse
642 2055 776 2094 oculis
819 2056 909 2095 suis
953 2057 1091 2096 locum
1135 2071 1305 2109 pugnae
1347 2061 1712 2108 praeclarissimae

77 2116 239 2156 viderit.
288 2119 365 2157 Vix
402 2120 515 2158 enim
553 2121 752 2159 credibile
790 2122 1014 2162 videbatur
1044 2124 1314 2173 historicum,
1358 2126 1429 2174 qui
1460 2128 1519 2165 tot
1549 2139 1623 2176 per
1653 2130 1710 2165 tot

75 2184 220 2232 gentes
265 2183 433 2223 fecisset
479 2185 655 2235 itinera,
708 2187 894 2226 faucium
939 2189 1366 2239 Thermopylensium
1409 2193 1448 2229 et
1490 2192 1705 2241 locorum,

74 2256 183 2296 quae
211 2249 577 2300 circumiacerent,
611 2251 937 2301 descriptionem
967 2253 1059 2292 aliis
1088 2254 1252 2293 debere.
1296 2256 1431 2294 Leake
1453 2256 1502 2305 1⁸)
1533 2259 1572 2295 et
1605 2258 1710 2295 Bur-

75 2311 167 2351 sian
197 2313 271 2364 19),
312 2316 384 2364 qui
420 2317 551 2355 totam
584 2318 798 2367 regionem
828 2318 1168 2368 descripserunt,
1212 2320 1263 2358 de
1296 2321 1496 2359 Herodoti
1527 2320 1709 2373 αι’·τοψίᾳ

116 2534 162 2577 ¹⁶)
208 2537 377 2571 wilhelm
405 2550 433 2581 p.
448 2539 531 2580 23&
559 2540 792 2574 Wilamowitz
818 2543 881 2575 hoc
905 2544 1124 2584 epigr-armna
1147 2549 1302 2586 spectare
1327 2546 1465 2578 videtur
1488 2557 1568 2579 cum
1590 2548 1709 2580 scribit

72 2590 207 2636 (Textg.
242 2604 273 2636 p.
297 2593 373 2635 35):
409 2593 478 2628 ‘die
515 2597 713 2636 poetischen
748 2599 988 2632 Ant‘scbriften
1020 2601 1107 2632 aner
1140 2601 1394 2634 Monumenten
1429 2613 1544 2636 waren
1577 2605 1707 2636 dureb-

71 2648 228 2690 gehends
251 2652 452 2693 numenius,
478 2663 556 2684 zum
581 2653 653 2685 Teii
683 2664 745 2686 von
773 2655 900 2687 hohern
928 2657 1126 2697 poetiscben
1153 2658 1236 2689 oder
1256 2659 1553 2699 gesciniclntlivben
1572 2660 1708 2697 werne,

60 2703 144 2737 vund
175 2705 254 2738 dass
285 2707 340 2739 die
375 2707 515 2740 Dichter
546 2719 609 2742 von
638 2710 832 2743 l'rosession
858 2713 948 2744 ancli
975 2714 1092 2745 solcbe
1118 2714 1288 2754 Austriigc
1312 2715 1432 2746 orsum
1461 2716 1602 2752 hatten,
1638 2728 1708 2749 wat·

72 2768 116 2794 nn
145 2761 215 2794 sich
241 2762 504 2805 glaubwurdig‚
536 2766 718 2798 vielleicht
743 2767 805 2807 sm·
829 2769 1004 2801 einzelnes
1030 2771 1189 2801 ›vo-mich
1219 2771 1449 2811 interlidere,
1484 2774 1555 2803 und
1580 2774 1707 2804 orlon-lt

71 2815 248 2860 Nahruny
287 2819 402 2851 durch
442 2821 568 2861 eiqene
605 2821 817 2864 Stistaechn
860 2834 883 2856 z.
922 2825 959 2857 B.
996 2836 1061 2857 von
1097 2826 1321 2867 Simonides,
1363 2828 1432 2859 div
1471 2830 1575 2859 nati·
1592 2831 1623 2860 r!
1639 2830 1702 2860 ivl·

72 2871 152 2906 den
177 2873 344 2908 Stifter
369 2877 455 2909 und
483 2878 694 2920 zugleich
722 2881 907 2913 Dichter
932 2883 1157 2914 nannteu]
1186 2884 1232 2915 De
1256 2885 1367 2925 priore
1388 2885 1493 2916 buius¹
1511 2887 1705 2917 sortientia.-

11 2935 49 2969 ’ξε
73 2932 169 2970 parte
192 2931 235 2963 cs.
259 2929 277 2972 ξ
299 2930 353 2966 20.

114 2983 161 3026 17)
206 2987 326 3021 Kaibel
351 2998 382 3030 p.
407 2988 483 3031 437,
509 2990 619 3032 Bergk
648 3002 677 3032 p.
703 2991 785 3033 428,
813 2993 1043 3026 Wilamowitz
1071 3006 1099 3035 p.
1126 2995 1206 3035 315,
1234 2996 1398 3028 wilhelm
1428 3008 1456 3037 1·-
1480 2996 1554 3029 ⁸2:35».

69 3058 75 3065 ·
114 3037 160 3082 18)
205 3041 381 3077 Nortbern
406 3045 536 3078 Greece
562 3047 589 3079 ll
617 3057 647 3088 p.
674 3046 692 3078 7
718 3058 793 3090 sqq.

114 3094 160 3138 ¹⁹)
205 3097 328 3142 Geogr.
354 3110 419 3134 von
445 3101 700 3136 Griecbcnland
729 3104 739 3136 1
766 3114 796 3146 p.
821 3104 858 3136 91
887 3115 963 3148 sqq.
