2138 3626
150 879 206 920 In
242 880 328 920 liac
366 881 753 921 commentatione
790 881 1119 922 conscribenda
1150 895 1242 934 pro
1280 884 1584 925 fundamento
1623 899 1733 926 usus

95 963 199 992 sum
249 963 302 991 ea
351 951 622 1004 scriptione,
680 965 822 1005 quam
866 955 974 994 ante
1018 955 1108 994 tres
1149 967 1299 995 annos
1341 955 1590 996 certamine
1631 969 1731 997 aca-

97 1022 299 1064 demicae
348 1023 578 1064 iuventuti
627 1024 805 1065 indicto
849 1037 1095 1077 ayyressus
1134 1038 1259 1076 sum,
1309 1039 1519 1078 quaeque
1560 1029 1733 1068 aestate

96 1093 212 1134 anni
248 1094 302 1134 M
305 1094 467 1135 CMIII
496 1107 526 1136 a
554 1095 730 1136 Senatu
766 1096 1089 1138 Universitatis
1117 1097 1562 1139 Amstelodamensis
1590 1111 1730 1139 aureo

87 1165 303 1217 praemio
356 1168 527 1207 ornata
578 1169 655 1207 est.
703 1167 838 1208 Illius
878 1167 1150 1219 scriptionis
1184 1167 1395 1219 priorem
1431 1171 1618 1220 partem
1661 1170 1732 1217 (de

95 1236 488 1289 epiyrammatum
531 1237 910 1278 Simonideorum
954 1238 1227 1290 traditione)
1271 1241 1572 1280 retractatam
1610 1253 1732 1281 nunc

95 1307 276 1359 emitto,
324 1300 522 1349 alteram
567 1308 641 1360 (de
684 1309 1077 1361 epiyrammatum
1116 1309 1495 1351 Simonideorum
1532 1311 1730 1364 oriyine)

87 1379 362 1431 propediem
390 1379 613 1421 editurus.

148 1451 216 1491 De
251 1451 435 1492 ratione
472 1464 526 1492 ac
563 1451 757 1493 consilio
797 1452 887 1493 mei
927 1452 1072 1493 libelli
1101 1453 1200 1493 dixi
1227 1456 1256 1503 ,ξ
1286 1454 1354 1493 20
1380 1467 1446 1506 sq.
1481 1453 1728 1506 Epiyram-

94 1524 223 1563 mata
266 1522 459 1563 laudavi
499 1523 751 1563 secundum
793 1535 1010 1564 numeros
1052 1524 1339 1576 Berylcianos
1382 1524 1604 1577 (PLG.4),·
1647 1525 1730 1577 qui

93 1593 276 1634 numeri
311 1595 364 1634 ut
398 1593 618 1634 nituntur
649 1594 887 1646 principio
919 1595 1079 1635 multis
1109 1595 1165 1636 de
1193 1595 1345 1636 causis
1372 1595 1625 1646 reiciendo,
1660 1595 1730 1635 ita

85 1677 174 1716 per
216 1666 284 1706 tot
325 1677 475 1706 annos
516 1678 546 1706 a
588 1665 702 1706 viris
744 1665 892 1706 doctis
933 1666 1153 1717 usurpati
1188 1668 1319 1717 sunt,
1366 1668 1419 1706 ut
1456 1678 1531 1707 eos
1568 1666 1616 1706 in
1645 1667 1729 1706 lioc

86 1736 248 1788 priore
274 1736 509 1777 volumine
537 1739 719 1777 mutare
746 1737 989 1778 noluerim.

146 1807 326 1859 Restat,
368 1809 421 1848 ut
450 1809 713 1860 perfunyar
751 1808 908 1849 officio
947 1810 990 1849 et
1028 1808 1181 1849 debito
1220 1810 1262 1849 et
1292 1809 1409 1849 mihi
1435 1808 1721 1861 qratissivno.

93 1877 252 1919 Primo
303 1878 400 1919 loco
455 1879 555 1920 Tibi
593 1879 779 1931 qratia-s
820 1892 930 1931 ayo,
964 1879 1219 1920 clarissime
1248 1882 1453 1930 KUIPER,
1500 1881 1726 1920 aestuma-

94 1949 269 1990 tissime
298 1952 568 2002 promotor,
611 1963 714 1991 cum
746 1963 838 2002 pro
878 1950 1174 1991 institutione
1206 1952 1302 1991 Tua
1322 1951 1593 2003 praeclara,
1629 1953 1726 1991 tum

85 2033 176 2072 pro
229 2020 437 2062 consiliis
489 2023 532 2062 et
582 2021 797 2073 monitis,
855 2022 1024 2074 quibus
1076 2022 1194 2062 milii
1234 2022 1534 2074 scriptionem
1577 2035 1725 2062 meam

90 2092 365 2133 retractanti
414 2092 609 2134 affuisti.
673 2093 756 2134 Vos
810 2106 1014 2145 quoque,
1069 2093 1160 2133 viri
1211 2093 1461 2134 clarissimi
1505 2096 1724 2133 BELLAAR

94 2163 281 2203 SPRUYT
326 2163 414 2215 (†),
456 2165 642 2215 NABER,
686 2174 777 2203 VAN
814 2174 908 2204 DEN
939 2166 1024 2214 Es,
1057 2166 1300 2214 VALETON,
1336 2166 1577 2214 KARSTEN,
1615 2166 1720 2214 Slx,

92 2246 291 2285 quorum
339 2235 611 2276 lectionibus
653 2234 1148 2287 ezercitationibusque
1178 2235 1479 2286 pliiloloyicis
1519 2235 1569 2274 in
1612 2235 1724 2275 Aca—

91 2304 246 2345 demia
283 2305 703 2347 Amstelodamensi
741 2306 955 2357 interfui,
997 2307 1265 2347 studiorum
1300 2306 1544 2357 primitias
1572 2306 1726 2347 edenti

90 2374 206 2416 milii
234 2376 319 2417 lioc
347 2377 444 2417 loco
474 2377 870 2418 commemorandi
897 2377 1026 2428 estis,
1060 2379 1114 2417 ut
1144 2379 1299 2428 tester,
1334 2379 1563 2429 quantum
1594 2377 1725 2417 Vobis

90 2449 322 2498 acceptum
350 2449 559 2489 referam.

146 2516 353 2570 Denique
379 2519 563 2571 ¹qratias·
582 2532 672 2571 ayo
693 2519 792 2559 viro
813 2519 1074 2560 clarissimo
1097 2521 1288 2559 HUGONI
1314 2520 1718 2569 STADTMUELLER,

82 2589 338 2638 professori
376 2590 766 2642 Heidelberqensi.
812 2591 856 2630 Is
894 2590 1015 2631 enim
1055 2591 1253 2640 fructus,
1298 2602 1414 2641 quos
1452 2602 1500 2629 ea:
1539 2589 1724 2641 eqrcslia

89 2658 187 2699 eius
214 2660 417 2701 editione
436 2661 749 2714 Antholoyiae
763 2674 1078 2713 perceperam,
1111 2661 1241 2701 haud
1266 2660 1557 2701 mediocriter
1577 2660 1717 2710 aucit,

89 2739 191 2770 cum
229 2732 420 2783 royanti
455 2732 571 2773 milii
599 2735 884 2785 apparatum
914 2732 1124 2773 criticum
1154 2732 1546 2783 epiyrammatum
1575 2731 1721 2771 Simo—

89 2799 334 2843 nideorum
381 2803 432 2844 in
489 2803 786 2856 Antlzoloyiis
831 2804 1094 2854 obviorum,
1146 2815 1265 2855 quae
1299 2803 1509 2842 nondum
1548 2802 1717 2851 edidit,

89 2870 277 2912 comiter
319 2873 571 2924 commisit,
614 2876 656 2914 et
694 2874 815 2914 alias
855 2886 1039 2926 quoque
1078 2873 1369 2926 quaestiones
1407 2874 1471 2914 ad
1500 2873 1720 2913 Antliolo-

88 2939 218 2991 yiam
242 2943 524 2994 pertinentes
550 2945 723 2986 solvere
751 2944 909 2985 voluit.

144 3043 249 3083 Son.
282 3044 627 3085 AMSTELomm

206 3125 250 3148 m.
275 3114 381 3149 Junio
407 3116 564 3150 MCMV.
