2072 3568
930 230 1007 277 209
1502 234 1527 290 ἓ
1560 232 1656 290 123,
1692 199 1782 280 124.

49 335 110 390 ‘sn
149 368 236 412 quo
263 360 385 412 poeta
413 361 454 401 et
482 358 535 401 de
562 357 826 412 condicione,
860 372 970 411 quae
998 362 1107 402 inter
1135 373 1232 402 eum
1262 364 1389 413 atque
1421 362 1619 415 Syllogen
1652 365 1785 405 Simo-

149 426 316 466 nideam
345 428 490 466 extare
520 427 733 477 videatur,
766 428 809 466 in
839 428 1119 478 sequentibus
1151 427 1209 480 ἐξ
1241 428 1468 478 disputabo
1496 430 1582 480 163).

204 490 231 543 ἓ
262 491 352 530 124.
413 490 481 531 De
507 491 762 532 Mnasaloa.
818 494 1079 533 Mnasaloam
1112 493 1342 532 Simonidis
1371 494 1506 534 fuisse
1533 496 1785 535 imitatorem

148 557 330 596 testatur
371 557 660 597 Theodoridas
676 588 686 608 ,
738 559 812 608 qui
859 559 939 597 hoe
984 559 1028 597 in
1070 570 1168 598 eum
1211 559 1398 598 condidit
1439 572 1504 609 ep.
1546 561 1786 600 irrisorium

151 620 252 673 (ΑΡ.
285 622 405 661 XIII.
437 621 530 673 21):

414 685 696 733 Μνασάλκεος
723 687 769 728 τὸ
789 690 913 746 ,σᾶμα
942 690 1002 728 τῶ
1033 687 1249 728 Πλαταΐδα

467 755 527 793 τῶ
548 751 816 805 ’λεγηοποιῶ

419 817 446 857 ἆ
483 816 654 859 Μῶσα
693 817 732 858 δ’
763 818 906 859 αὐτῶ
943 821 1033 864 τᾶς
1069 818 1353 871 Σιμωνίὸα
1390 818 1604 864 alcidae

467 880 528 935 ἧς
564 882 992 936 ἀποσπάραγμα·

211 965 214 969 ·
270 1000 277 1006 ἢ
342 947 362 977 5
414 947 515 988 κενά
544 963 585 988 τε
612 947 800 1001 κλαγγὰν
828 948 1207 1001 κᾶπιλακυθίστρια

470 1012 839 1067 ὂιθυραμβοχάνα.

414 1078 612 1126 τέθνακε,
640 1078 700 1132 μὴ
730 1079 949 1132 βάλωμες·
979 1080 1017 1120 εἰ
1042 1078 1090 1120 δέ
1117 1095 1166 1120 κε
1194 1079 1308 1127 ζόεν,

467 1143 685 1197 τύμπανον
712 1145 754 1184 κ’
779 1144 927 1198 ἕῳύση.

147 1230 340 1285 Lectiones
358 1234 486 1267 codicis
517 1234 686 1277 Palatini,
718 1236 755 1268 in
786 1246 857 1277 quo
889 1246 959 1269 uno
994 1236 1058 1269 hoc
1089 1246 1141 1278 ep.
1174 1236 1322 1278 legitur,
1355 1236 1493 1277 roganti
1524 1236 1607 1267 mihi
1632 1235 1785 1277 benigne

149 1287 310 1330 praebuit
340 1288 596 1323 Stadtmiiller:
631 1288 672 1323 ‘v.
697 1291 728 1324 1.
762 1291 812 1324 ἧ
843 1289 1067 1333 μνασαλκεοσ
1135 1294 1185 1324 τῶ
1216 1289 1387 1323 πλαταϊδα
1448 1291 1479 1324 2.
1515 1293 1565 1322 τῶ
1589 1288 1784 1343 λεγφέζποιῶ

147 1343 308 1386 (hyphen
333 1345 374 1386 Β)
427 1344 459 1379 3.
494 1344 622 1388 ἄμῶσα
669 1343 728 1383 τὰς
752 1346 838 1389 (non
862 1347 937 1389 τᾶς)
961 1346 1134 1390 σιμωνίδα
1157 1345 1296 1384 among
1351 1349 1382 1381 4.
1414 1359 1460 1390 ησ
1482 1345 1552 1380 ἀπο
1576 1345 1783 1389 σπάραγμα·

147 1400 179 1434 5.
212 1411 296 1434 καιν
318 1412 378 1434 ατε
400 1395 418 1438 ξ
441 1413 505 1445 γαν
526 1401 588 1443 (se.
612 1401 674 1435 καὶ
697 1403 776 1446 γαν)
799 1415 817 1440 ς
839 1402 922 1437 mla
946 1402 1137 1446 κυθιστρια
1162 1404 1224 1445 (sc.
1249 1416 1310 1437 και
1333 1404 1388 1446 πι)
1449 1404 1481 1437 6.
1517 1402 1785 1446 ὂιθυραβοχανα

146 1455 370 1500 (ηοη-χωνα)
415 1458 445 1492 7.
468 1457 502 1490 εἴ
515 1457 599 1491 δεκε
615 1458 695 1497 ζοεν
741 1459 772 1493 8.
796 1458 976 1502 τύμπανον
993 1459 1147 1504 γεεφύση
1165 1460 1266 1502 (sic)'.
1290 1478 1333 1483 —-
1358 1461 1396 1494 V.
1415 1460 1436 1493 3
1452 1463 1512 1496 τᾶς
1529 1471 1614 1493 corr.
1631 1461 1785 1502 Brunck,

147 1513 170 1550 5
191 1511 278 1546 κενά
300 1524 337 1546 τε
358 1512 514 1558 κλαγγὰν
536 1516 677 1558 Jacobs,
700 1515 722 1548 8
744 1514 784 1548 κ’
805 1514 921 1559 ἕῳύση
946 1517 1121 1550 Schaefer.

148 1593 387 1643 Antequam
417 1595 660 1646 videamus,
699 1597 803 1646 quid
831 1597 930 1636 huie
958 1597 1198 1636 testimonio
1227 1598 1501 1636 tribuendum
1531 1597 1607 1646 sit,
1646 1597 1785 1635 dioen-

148 1658 251 1697 dum
288 1660 353 1699 est
389 1661 442 1700 de
470 1661 613 1700 verbis
642 1661 769 1711 ipsis,
811 1673 922 1711 quae
950 1662 1030 1701 viri
1059 1663 1191 1712 docti,
1234 1674 1495 1712 quamquam
1525 1662 1782 1700 Mnasaleam

147 1724 351 1774 appellari
382 1724 613 1765 Simonidis
641 1726 894 1766 imitatorem
924 1739 1010 1766 non
1040 1730 1219 1778 negant,
1259 1728 1328 1767 alii
1357 1728 1477 1766 aliter
1506 1727 1784 1776 interpretan-

148 1791 231 1830 tur.
258 1791 327 1830 -Ad
356 1803 493 1830 unum
520 1803 669 1831 omnes
699 1792 878 1831 verbum
906 1791 1098 1843 πλάθας,
1131 1793 1246 1842 quod
1272 1792 1515 1841 ceteroquin
1542 1803 1626 1830 non
1652 1792 1780 1841 redit,

149 1855 299 1902 vitium
341 1857 453 1896 alere
494 1859 672 1907 putant3
716 1857 801 1896 iam
846 1857 1106 1908 Salmasius,
1152 1858 1304 1897 deinde
1345 1858 1535 1907 Toupius
1577 1858 1668 1896 coll.
1710 1857 1780 1895 Ar.

147 1921 317 1961 Thesm.
351 1921 428 1961 770
463 1933 556 1972 sqq.
590 1925 874 1973 reposuerunt
901 1921 1070 1968 πλάτας.
1113 1923 1252 1968 Quam
1282 1924 1566 1962 coniecturam
1597 1922 1786 1960 Meineke

147 1984 256 2026 *Del
298 1987 424 2026 Anth.
466 1999 507 2038 p.
550 1988 627 2027 197
672 1988 830 2039 (locum
871 1989 1004 2028 debeo
1044 1989 1178 2028 lexico
1218 1988 1441 2039 Stephani)
1481 1988 1541 2026 sio
1578 1987 1783 2026 defendit:

151 2049 297 2091 ιπλάτα
327 2081 336 2090 .
372 2082 381 2091 .
416 2082 424 2091 .
460 2083 469 2091 .
501 2053 610 2092 idem
653 2054 819 2093 videtur
858 2055 1101 2104 significare
1137 2055 1252 2104 quod
1291 2052 1418 2103 σελίς,
1460 2055 1507 2091 ut
1545 2053 1785 2091 Mnasaleae

147 2116 287 2167 poesis
309 2118 479 2156 nonnisi
500 2119 696 2168 decerpta
722 2119 989 2159 Simonideae
1009 2120 1181 2159 chartae
1202 2120 1408 2170 particula
1430 2119 1564 2157 fuisse
1584 2116 1780 2156 dicatur'.

147 2181 293 2233 Longe
328 2183 449 2222 aliter
478 2183 752 2222 Wilamowitz
783 2183 925 2235 (GGA.
961 2183 1064 2223 1898
1092 2196 1132 2234 p.
1168 2184 1244 2224 158
1274 2195 1338 2233 sq.
1372 2195 1413 2222 n.
1450 2182 1511 2233 1):
1556 2182 1639 2220 ‘fiir
1669 2182 1785 2220 seine

91 2246 96 2251 '
149 2245 194 2297 (i.
226 2258 262 2286 e.
298 2247 547 2298 Simonidis)
587 2248 861 2298 Epigramme
888 2249 988 2299 liegt
1017 2249 1095 2288 das
1123 2249 1320 2288 tadelnde
1348 2248 1479 2288 Urteil
1507 2248 1622 2286 eines
1653 2247 1784 2285 Faeh-

147 2323 356 2362 genossen
394 2324 474 2352 aus
511 2313 607 2352 dem
642 2313 797 2352 dritten
825 2314 1125 2354 Jahrhundert
1155 2326 1232 2354 vor
1261 2344 1269 2352 .
1306 2344 1314 2352 .
1351 2344 1359 2352 .
1395 2344 1403 2352 .
1438 2314 1508 2356 τᾶς
1537 2310 1783 2363 Σιμωνίδου

113 2369 347 2421 ’πλάτας
387 2375 440 2429 ἦν
482 2376 824 2430 ἄποσπάραγμα,
871 2379 1073 2429 Kalauer,
1121 2380 1305 2430 gemeint
1346 2381 1417 2431 τῆς
1453 2375 1785 2426 πλατύτητος

95 2577 100 2582 ,
191 2542 254 2584 ¹⁰3)
300 2544 339 2577 In
355 2545 730 2587 commentationibus,
747 2555 837 2588 quas
853 2547 1071 2587 scripserunt
1087 2546 1130 2578 de
1148 2547 1401 2588 epigrammate
1421 2544 1656 2577 Alexandrino
1673 2543 1785 2575 conat

146 2599 196 2640 (la
220 2599 338 2633 poesie
362 2601 588 2633 alexandrine
611 2600 700 2634 1882
724 2612 755 2643 p.
779 2601 845 2634 170
871 2601 962 2643 sqq.)
993 2605 1030 2634 et
1053 2602 1196 2635 Knaack
1221 2601 1291 2643 (ap.
1317 2602 1506 2633 Saserninl.
1532 2601 1627 2632 Alex.
1654 2600 1717 2631 Lit.
1745 2600 1783 2631 Η.

146 2655 213 2689 523
235 2658 345 2700 sqq),
368 2657 524 2690 mndicio
550 2667 691 2699 poeseos
712 2657 969 2697 Alexandrinae
993 2652 1301 2699 epigr-ammistione
1325 2660 1361 2689 et
1383 2656 1543 2699 Sylloges
1563 2656 1784 2687 Simonideae

46 2703 57 2751 J
83 2730 86 2732 ⁷
147 2722 216 2745 non
248 2713 417 2755 tangitur.
453 2713 530 2751 Qua
560 2723 601 2746 ex
635 2723 672 2746 re
703 2712 815 2745 efficio
849 2713 912 2745 hos
940 2714 1031 2745 viros
1054 2714 1136 2746 clar.
1161 2708 1363 2745 existis-iare
1391 2714 1524 2744 millam
1549 2716 1669 2744 extare
1694 2711 1785 2743 inter

146 2769 362 2802 Simonidem
397 2773 434 2802 et
468 2770 774 2812 epigrammaticos
809 2769 1063 2803 Alexandrinos
1098 2770 1316 2802 relationem.
1352 2769 1483 2801 Contra
1517 2768 1628 2808 Bergk
1665 2778 1694 2808 p.
1719 2767 1784 2799 44⁴2

144 2825 301 2867 scripsit:
335 2823 590 2867 ‘manifestum
622 2830 692 2868 est,
727 2829 801 2859 tam
835 2836 894 2859 eos
927 2830 1064 2868 poetas,
1099 2827 1161 2868 qui
1195 2826 1360 2867 proximis
1391 2826 1539 2857 saeculis
1571 2826 1785 2864 floruerunt,

147 2891 254 2923 quam
279 2884 354 2923 eos,
377 2882 440 2924 qui
465 2886 544 2923 post
567 2882 757 2915 Alexandri
783 2886 931 2915 mortem
958 2883 1022 2914 hoc
1049 2883 1159 2924 poesis
1179 2893 1291 2923 genus
1314 2883 1598 2915 illustraverunt.
1625 2880 1784 2921 Adrion,

147 2937 381 2981 Mnasalcam,
405 2938 681 2979 Callimachum,
706 2938 793 2971 alios
816 2948 1072 2980 saepenumero
1098 2939 1182 2970 haec
1203 2939 1276 2979 ipsa
1297 2948 1389 2979 qum»
1411 2939 1575 2969 seruntur
1596 2936 1784 2968 Simonidis

149 2993 290 3027 nomine
314 2994 569 3036 epigrammata
593 2994 749 3027 imitatos
773 2994 870 3027 esse'.
916 2994 952 3026 ln
979 2994 1184 3026 Callimachi
1211 2998 1330 3025 aulem
1356 2993 1618 3034 epigrammatis
1645 2993 1782 3023 nullum

147 3053 201 3082 est
231 3049 453 3083 Simonideae
485 3050 694 3083 imitationis
726 3051 933 3092 vestigium,
968 3050 1048 3081 licet
1079 3050 1331 3091 grauun-..tinus
1355 3048 1520 3090 Sylloge-n
1547 3049 1782 3080 Simonideam

148 3105 184 3139 in
207 3104 339 3139 tabulis
361 3107 434 3139 suis
458 3107 650 3149 respexisse
675 3107 836 3139 videatur
859 3107 917 3147 (cs.
944 3105 960 3146 ἓ
985 3104 1109 3148 132,5).

1608 3159 1651 3194 14
