2072 3568
406 221 507 273 Cap.
543 218 633 271 111,
665 219 702 261 9.
1196 215 1246 260 94

407 347 490 387 Nec
521 358 621 387 vero
646 359 726 387 v.c.
750 345 1041 386 enucleavisse
1062 346 1251 395 videtur,
1284 343 1498 395 quomodo
1515 355 1611 396 epp.
1635 343 1739 386 baec
1757 343 1801 387 ln
1819 354 2047 399 argum·

406 413 606 452 tationem
645 412 907 462 quadrarent
947 411 1012 461 12).
1048 409 1202 451 Hiller
1231 410 1291 461 (p.
1323 410 1402 450 432
1431 408 1575 461 sqq.)‚
1616 410 1685 450 cui
1711 422 1761 452 ea
1784 411 1837 451 in
1869 422 1917 452 re
1941 410 2047 454 mihi

406 478 724 518 assentiendum
762 480 845 526 est,
886 477 1001 526 quod
1039 475 1264 515 Aristidem
1303 476 1345 515 in
1375 475 1696 526 epigrammatis
1726 475 1960 519 memdi-
1993 475 2049 518 do

409 543 626 583 Simonide
652 542 907 593 cogitavisse
936 544 1084 592 negat,
1116 541 1257 580 locum
1287 543 1428 580 tamen
1460 552 1544 581 non
1573 552 1755 591 prorsus
1780 541 2050 600 expedivi-e

408 609 575 648 videtur
598 609 669 659 (ci.
695 607 807 646 inira
830 619 871 646 n.
899 607 945 646 14
962 608 1002 646 et
1020 606 1103 656 19).
1133 603 1432 646 Wilamowitz
1447 617 1487 656 p.
1502 604 1582 645 317
1597 605 1677 646 hoe
1689 605 2050 649 dehocloootullt

407 674 628 712 iudicium:
663 673 723 711 ‘er
752 671 829 723 (sc.
863 672 956 721 Ar.)
987 672 1061 712 hat
1089 671 1365 711 unmittelbar
1395 670 1550 710 vorher
1577 670 1781 712 Gedichte
1807 671 1886 713 du
1912 670 2048 718 Simo·

409 739 550 788 uides,
582 738 692 778 auch
724 738 998 788 Epigramme
1028 736 1192 787 (ficlites
1222 736 1311 775 und
1340 735 1543 787 ialschae)
1573 736 1704 786 citirt;
1733 736 1851 778 daun
1878 737 2049 789 geht&

408 817 459 843 zu
488 804 569 843 den
599 803 831 843 Gedichten
860 802 936 842 der
962 802 1261 852 Perserkriege
1285 802 1406 851 iiber,
1437 801 1541 841 aber
1559 801 1690 842 deren
1710 801 1933 844 Vel-tanae!-
1949 801 2048 844 sind

408 870 494 908 ihm
532 869 600 908 die
621 868 812 908 ›Staaten
851 868 1006 918 selbst‚
1048 868 1186 908 denen
1224 879 1271 907 er
1299 867 1434 907 soiort
1462 868 1556 907 ihre
1584 867 1937 920 Rubmredigkdt
1963 877 2048 909 von

407 936 542 974 einem
581 932 861 986 Σιμιυνίόειος
897 932 1006 986 ἀνὴρ
1045 934 1266 973 vorhalten
1305 934 1412 973 lasst
1449 933 1491 973 d.
1530 934 1574 973 h.
1614 944 1698 974 von
1726 932 1865 974 duem
1891 933 2052 975 Hanno

409 1013 490 1040 von
530 999 879 1039 simonideischer
918 999 1288 1049 Bescheidenheit,
1328 999 1397 1038 die
1432 1010 1480 1039 er
1516 999 1650 1040 selbst
1685 999 1795 1039 kun
1819 1009 1956 1040 auvor
1981 998 2048 1040 ah

409 1065 623 1104 notorisch
654 1064 895 1103 bezeichnet
924 1064 1009 1103 hat.
1051 1064 1151 1103 Also
1179 1063 1387 1103 Aristides
1415 1063 1501 1114 legt
1528 1062 1597 1103 die
1623 1063 2052 1116 Gediohtsummlnng

407 1131 483 1170 des
515 1130 754 1170 Simonides
782 1136 862 1169 aus
890 1129 966 1168 der
996 1129 1124 1169 Hand
1154 1141 1228 1168 um
1258 1129 1366 1168 nach
1396 1128 1514 1168 einer
1535 1128 1792 1181 Sammlung
1813 1139 2051 1181 anonyma·

410 1197 684 1247 Epigramme
710 1195 787 1235 der
815 1195 927 1235 alten
959 1195 1049 1234 Zeit
1077 1206 1129 1233 zu
1159 1193 1353 1245 greifen’.

464 1262 565 1301 Mihi
593 1261 799 1301 orationis
829 1260 961 1300 series
990 1261 1093 1299 haec
1121 1271 1216 1299 esse
1245 1260 1426 1299 videtur.
1457 1259 1582 1310 Apud
1612 1261 1759 1311 poetas
1786 1259 1944 1311 lyricos
1962 1269 2050 1301 non

409 1328 547 1367 solum
577 1326 759 1366 inveniri
789 1325 1027 1365 iactationis
1056 1325 1268 1375 exempla,
1301 1328 1345 1364 at
1373 1325 1480 1364 adeo
1506 1324 1769 1366 Simonidem
1795 1326 1926 1376 atque
1952 1323 2052 1366 Pin·

409 1394 563 1432 darum
614 1404 664 1431 eo
715 1392 983 1442 pervenisse,
1030 1394 1077 1430 ut
1124 1392 1167 1430 in
1215 1394 1348 1431 semet
1385 1391 1466 1442 ipsi
1504 1391 1735 1432 conderent
1769 1390 1951 1444 epinicia
1976 1389 2047 1443 ¹⁸).

410 1459 492 1504 Qui
530 1460 671 1498 autem
709 1458 824 1497 illam
863 1457 930 1496 sui
968 1456 1291 1496 celebrationem
1322 1456 1636 1507 reprobandam
1664 1458 1805 1508 putet,
1836 1456 1875 1497 ei
1902 1456 2051 1498 eodem

410 1525 503 1564 iure
539 1524 776 1574 culpandos
812 1534 907 1563 esse
939 1523 1139 1572 athletas,
1173 1523 1247 1572 qui
1276 1522 1594 1572 quadamtenus
1621 1533 1669 1562 se
1695 1522 1778 1574 ipsi
1805 1522 2053 1574 praedicare

410 1590 609 1630 censendi
634 1589 743 1639 sint,
776 1600 873 1628 cum
899 1588 1091 1628 mercede
1115 1590 1237 1638 pacta
1262 1588 1396 1638 poetis
1411 1586 1463 1638 1⁴)
1491 1599 1538 1627 se
1559 1587 1752 1638 epinieiis
1774 1586 2052 1629 adebrandus

409 1657 573 1694 curent.
619 1654 702 1699 Qui
745 1656 886 1693 autem
928 1653 1105 1703 epinicia
1144 1652 1431 1703 superbientis
1469 1653 1627 1703 ingenii
1665 1663 1761 1693 esse
1794 1651 1975 1704 iudicet,
2011 1652 2052 1692 oi

412 1731 566 1760 rursus
603 1720 757 1759 stultos
795 1722 924 1769 atque
960 1721 1212 1769 arrogantes
1250 1718 1470 1757 habendos
1508 1729 1604 1757 esse
1637 1729 1734 1770 eos,
1773 1717 1849 1769 qui
1875 1718 2051 1769 nopae-1

411 1788 624 1835 statuant,
663 1786 706 1824 in
735 1785 895 1835 quibus
923 1784 1046 1823 titulo
1076 1783 1127 1834 15)
1158 1783 1347 1823 indicare
1374 1783 1560 1834 soleant,
1597 1795 1684 1833 qua
1712 1784 1756 1823 in
1785 1794 1933 1835 pugna
1958 1782 2053 1834 qui·

411 1851 548 1890 busve
593 1850 857 1900 temporibus
905 1850 1106 1890 victoriae
1151 1849 1336 1899 palmam
1384 1849 1719 1899 reportaverint;
1766 1850 1898 1900 atque
1945 1847 2054 1890 adeo

411 1918 766 1966 qualemcumque
793 1915 1111 1965 inscriptionem
1139 1916 1177 1954 ei
1207 1915 1521 1965 reprobandam
1550 1926 1657 1955 esse.
1695 1914 1883 1965 Aspiciat
1907 1915 2053 1955 autem

411 1982 687 2023 adversarius
715 1982 806 2031 ipse
834 1980 1133 2031 inscriptiones
1162 1980 1413 2028 nonnullam
1450 1980 1592 2030 ipsum
1621 1979 2048 2029 animadversurum,

456 2137 503 2178 12)
550 2137 630 2180 Pag.
654 2136 738 2170 4⁴5:
774 2135 906 2169 ‘rhetor
940 2137 1026 2168 dum
1062 2135 1192 2169 librum
1229 2137 1290 2178 qui
1325 2135 1525 2169 Simoniden
1560 2136 1818 2178 epigr-amman
1849 2133 2055 2168 continebat

411 2195 557 2236 evolvit,
589 2195 711 2227 statim
743 2194 780 2226 in
812 2193 1029 2235 poematium
1062 2192 1203 2234 incidit,
1235 2192 1330 2235 quod
1362 2196 1466 2234 poeta
1495 2190 1540 2224 80
1571 2201 1682 2225 annos
1712 2195 1821 2225 natus
1847 2191 2054 2235 ἀἱμα-ας

412 2252 481 2284 ἰιιιιι
513 2261 594 2284 cum
629 2251 742 2293 pergit
772 2250 948 2292 explicate
972 2250 1157 2290 volumen,
1189 2249 1350 2282 animum
1374 2249 1528 2282 advertit
1550 2249 1593 2281 ad
1616 2248 1732 2291 elogia
1752 2246 1903 2290 publicis
1924 2256 2054 2281 monu-

412 2308 543 2340 mentis
562 2307 750 2348 destinata,
768 2316 883 2348 eaque
899 2315 955 2338 res
972 2315 1056 2338 eum
1071 2307 1262 2347 per-metit,
1283 2310 1322 2338 ut
1337 2306 1526 2347 paulisper
1541 2315 1564 2338 a
1579 2306 1766 2347 proposito
1779 2303 2053 2346 (Βαναία-Ν.

458 2363 503 2404 13)
548 2363 740 2397 Simonidis
770 2366 927 2405 spectare
958 2362 1097 2395 videtur
1128 2372 1181 2404 ep.
1205 2361 1272 2395 145
1303 2363 1358 2395 vel
1381 2361 1490 2404 (quod
1517 2362 1743 2395 uerisimilius
1763 2359 1871 2402 duco)
1891 2354 2052 2404 eft-1¹⁴7,

412 2422 455 2454 cs.
481 2421 590 2454 Hiller
615 2431 645 2463 p
668 2419 746 2453 234.
781 2419 894 2458 Quem
921 2419 1062 2452 Pindari
1087 2419 1203 2452 locum
1228 2419 1410 2461 respiciat,
1435 2419 1611 2452 incertum
1636 2422 1701 2451 est.

457 2477 503 2518 1⁴)
550 2476 664 2510 Verba
696 2474 793 2518 παρὰ
827 2478 899 2508 τῶν
930 2477 1088 2518 ποιητῶν
1121 2474 1156 2517 (5
1189 2474 1249 2516 62)
1283 2475 1394 2518 igitur
1427 2479 1589 2517 spectant
1623 2478 1743 2517 poetas
1777 2473 1814 2507 ἰιι
1848 2473 2052 2507 animuum

413 2543 531 2575 neque
560 2543 641 2566 cum
675 2533 855 2566 Simonide
886 2542 951 2565 nec
982 2542 1063 2566 cum
1089 2532 1240 2565 Pindaro
1263 2532 1455 2574 quicquam
1480 2540 1670 2564 commune
1693 2530 1843 2573 babent,
1874 2532 1917 2563 nt
1937 2528 2052 2572 &ugk

415 2590 551 2632 putavit
581 2589 628 2632 (p.
653 2589 750 2629 444»
784 2587 932 2621 ‘ludicra
962 2589 1177 2630 certamina,
1208 2598 1361 2630 quorum
1394 2589 1554 2621 encomia
1585 2587 1785 2635 Simonides
1813 2589 1852 2620 et
1881 2585 2056 2619 Pindum

413 2645 658 2688 scripserunt‘3
693 2645 805 2678 Hiller
828 2655 859 2687 p.
883 2643 951 2677 235
974 2654 1049 2677 rem
1074 2645 1110 2677 in
1134 2644 1250 2677 medio
1276 2644 1547 2687 relinquendam
1571 2645 1721 2678 censuit.

458 2700 505 2742 15)
551 2702 727 2735 vocabulo
752 2711 839 2734 usus
861 2705 917 2734 est
933 2691 1230 2743 ἕταράγραμμα,
1255 2705 1295 2733 ut
1318 2701 1563 2743 inscriptiones
1582 2700 1755 2734 eiusmodi
1775 2708 1878 2742 pum
1894 2698 2055 2734 oratione

413 2759 612 2800 consectas,
650 2759 775 2800 quales
814 2758 888 2800 ipse
927 2757 1107 2798 laudavit,
1145 2757 1381 2798 significarem
1422 2757 1526 2790 verbo
1559 2758 1655 2790 enim
1689 2754 1915 2800 ἐπίγραμμα
1947 2755 2055 2791 nimis

415 2815 562 2848 metrica
585 2815 627 2847 iis
649 2815 867 2857 temporibus
890 2815 1007 2847 inerat
1032 2815 1127 2847 notio
1150 2814 1210 2853 (cf.
1235 2813 1253 2853 ,8
1275 2813 1298 2846 9
1323 2825 1354 2846 n.
1374 2813 1431 2854 8),
1455 2824 1564 2856 quam
1589 2824 1661 2856 quo
1683 2814 1844 2846 omnium
1867 2810 2054 2854 simplicis·

412 2871 525 2904 simae
554 2870 799 2913 inscriptiones
829 2871 1095 2903 denotarentur.
1131 2870 1260 2903 Statim
1293 2875 1370 2912 post
1402 2880 1482 2903 vero
1507 2880 1570 2902 vox
1593 2867 1819 2911 ἐπίγραμμα
1842 2869 2054 2910 usurpatur,

414 2927 583 2969 quoniam
606 2930 687 2959 tum
710 2927 955 2969 inscriptiones
978 2931 1016 2959 et
1038 2927 1147 2959 soluti
1170 2931 1207 2959 et
1230 2927 1329 2969 ligati
1353 2927 1543 2969 sermonis,
1570 2936 1725 2969 quarum
1750 2924 1931 2959 nonnullis
1952 2933 2055 2967 mag·

416 2992 497 3015 nam
519 2983 633 3016 inesse
654 2983 815 3025 perhibet
831 2983 999 3016 orationis
1014 2983 1205 3016 elationem
1217 3008 1226 3024 ,
1249 2983 1613 3025 comprehenduntur.
1638 2982 1716 3015 Non
1732 2982 1907 3023 suffragor
1921 2979 2055 3022 Kenio,

415 3040 477 3081 qui
501 3040 585 3072 dicit
606 3039 809 3072 adhibuisse
833 3040 1010 3072 rhetorem
1035 3039 1246 3072 vocabulum
1268 3037 1541 3081 παράγραμμα
1566 3043 1707 3082 propter
1722 3038 1891 3071 orationis
1905 3036 2053 3070 titulum

414 3093 494 3137 περὶ
518 3098 578 3128 τοῦ
601 3107 628 3128 π
636 3107 659 3128 α
667 3107 691 3138 ρ
698 3107 721 3128 α
731 3093 946 3138 φθέγματος.
