2072 3568
382 224 482 275 Cap.
520 225 550 263 1.
1173 225 1225 264 28

433 351 540 390 Tum
585 353 725 390 autem
769 350 883 389 nulla
928 352 1063 399 potest
1105 352 1250 388 extare
1292 348 1523 398 dubitatio,
1570 349 1675 400 quin
1713 349 1757 389 in
1794 349 2043 392 traditione·

381 417 591 465 Spartana
636 416 850 465 genuinus
891 414 1247 465 epigrammatum
1291 418 1432 454 textus
1474 417 1673 454 servatus
1713 414 1770 455 sit
1795 414 1866 466 ⁴⁴).
1925 414 2018 457 Iam

379 482 438 520 sic
475 482 794 520 demonstratur
839 503 881 507 ψ·
922 481 985 529 id,
1027 480 1141 530 quod
1180 479 1274 519 aliis
1311 491 1484 530 quoque
1518 479 1784 529 argumentis
1812 478 2020 532 probatur

381 547 451 597 (ct.
501 546 527 598 ἓ
571 547 620 586 44
664 546 782 596 sqq.)
827 567 878 574 —
919 545 1239 597 epigrammatis
1285 546 1337 585 92
1385 545 1654 585 traditionem
1700 545 1879 587 alien-m
1923 556 2022 588 esse

381 612 666 651 recentiorem.

432 677 553 723 Quod
585 677 664 716 tria
693 677 761 716 iila
790 677 1096 727 epigrammata
1126 679 1307 716 aetatem
1336 677 1549 726 tulerunt,
1592 688 1711 717 mero
1735 676 1856 718 casui
1883 676 2020 719 tribu·

377 743 533 781 endum
562 746 639 781 est.
689 742 733 781 Si
763 742 804 781 in
836 742 1102 781 traditionem
1137 743 1392 792 Spartanam
1424 754 1509 782 non
1540 742 1840 793 transiissent,
1880 752 2021 794 neque

382 808 594 847 Herodoto
633 811 802 858 praesto
840 808 1021 847 fuissent
1060 820 1198 858 neque
1237 808 1360 847 nobis
1389 810 1664 859 superessent
1694 807 1888 859 (excepta
1915 818 2022 848 sane

379 874 608 913 recentiore
636 874 771 913 forma
801 874 1121 924 epigrammatis
1149 873 1235 923 92).
1272 874 1597 924 Thespiensium
1627 875 1771 913 autem
1797 872 2020 914 Thebano·

379 950 560 989 rumque
577 940 883 990 epigrammata
904 939 1178 989 interierunt,
1211 951 1307 979 cum
1330 939 1476 989 nulla,·
1498 939 1541 978 in
1561 950 1691 989 quam
1713 938 2016 989 reciperentur,

376 1005 566 1044 extitisse
604 1005 798 1044 videatur
836 1004 1028 1054 traditio,
1075 1007 1149 1044 aut
1187 1005 1222 1043 si
1261 1016 1466 1055 umquam
1504 1004 1663 1054 extitit,
1708 1002 1856 1045 nullus
1890 1003 2020 1045 tuerit

377 1070 580 1120 scriptor,
621 1070 694 1119 qui
732 1081 780 1109 ea
820 1081 927 1109 usus
965 1070 1032 1109 sit.
1080 1070 1385 1120 Antiquissima
1424 1072 1565 1109 autem
1604 1069 1675 1109 illa
1710 1068 1884 1110 traditio
1910 1067 2020 1110 tecm

377 1135 429 1175 ad
459 1135 620 1185 lapides
649 1135 779 1185 ipsos.
812 1135 929 1175 Haec
958 1136 1063 1175 solet
1091 1148 1187 1176 esse
1216 1137 1303 1186 via,
1335 1148 1421 1186 qua
1451 1135 1566 1186 apud
1594 1133 1859 1186 antiquiores
1885 1133 2019 1185 sedp-

377 1204 489 1239 tores
534 1200 846 1250 (Herodotum,
893 1201 1211 1251 Thucydidem,
1258 1202 1506 1252 Ephorum,
1553 1199 1677 1251 alios)
1719 1199 2020 1251 inscriptiones

378 1266 588 1315 genuinae
630 1268 825 1306 servatae
867 1267 965 1305 sint.
1014 1267 1105 1306 Non
1151 1267 1230 1317 ipsi
1273 1267 1472 1307 accedere
1509 1266 1647 1306 solent
1684 1265 1740 1306 ad
1776 1275 2015 1316 marmora,

379 1342 515 1381 neque
555 1331 881 1382 inscriptionum
919 1332 1095 1382 syllogis
1135 1335 1339 1382 utuntur,
1385 1332 1460 1371 sed
1499 1332 1705 1372 hauriunt
1740 1342 1767 1372 e
1799 1329 2015 1381 sonabas,

376 1397 449 1447 qui
493 1398 546 1437 ad
589 1400 862 1437 monumenta
906 1398 996 1447 ipsa
1043 1398 1244 1437 refluunt.
1291 1398 1415 1437 Tales
1457 1397 1660 1448 antiquae
1694 1395 1946 1438 traditiones
1978 1394 2019 1436 si

379 1475 461 1502 non
500 1464 725 1512 extabant,
766 1464 1072 1514 epigrammata
1111 1464 1203 1513 ipsa
1240 1463 1367 1503 exitio
1403 1463 1588 1513 denique
1623 1463 1835 1503 destinata
1866 1463 2015 1513 erant,

378 1529 458 1567 nisi
498 1529 605 1568 forte
643 1529 950 1579 posterioribus
986 1529 1168 1568 saeculis
1197 1542 1219 1568 a
1251 1530 1462 1579 periegeta
1491 1530 1676 1579 quodam
1706 1529 1750 1569 in
1777 1526 2018 1579 inscriptio-

378 1605 479 1633 num
525 1594 715 1645 syllogen
755 1598 920 1645 recepta
959 1598 1074 1634 sunt.
1120 1595 1214 1640 Qua
1254 1595 1321 1635 via
1360 1595 1660 1645 inscriptiones
1694 1594 1750 1635 ad
1787 1593 2018 1644 scriptores

378 1660 669 1710 pervenerint,
711 1672 837 1710 saepe
866 1660 987 1709 latet,
1030 1660 1103 1699 sed
1135 1672 1459 1710 nonnumquam
1488 1671 1537 1700 ea
1566 1659 1744 1700 indicari
1770 1660 1933 1710 meent,
1969 1658 2019 1698 nt

376 1725 419 1764 in
442 1725 877 1775 Thermopylensibus
899 1726 1219 1775 epigrammatis
1245 1726 1432 1765 vidimus
1454 1730 1495 1766 et
1518 1726 1562 1766 in
1584 1726 1679 1766 aliis
1700 1724 1851 1777 paucis
1870 1725 2018 1776 poem

377 1790 615 1829 videbimus
643 1791 711 1840 ⁴5).
753 1791 843 1829 Hoc
872 1795 1036 1830 constat
1066 1792 1372 1841 epigrammata
1402 1790 1781 1842 Thermopylensia
1807 1789 1858 1830 91
1887 1791 2020 1841 atquo

376 1855 426 1894 94
465 1858 505 1894 et
542 1856 861 1906 epigrammatis
898 1856 950 1895 9⁶2
989 1857 1169 1895 formam
1209 1857 1483 1896 vetustiorem
1521 1857 1574 1896 ad
1610 1868 1690 1895 nos
1718 1856 1901 1896 ventum
1929 1864 2017 1896 non

377 1921 531 1969 ruisse,
565 1921 644 1959 nisi
676 1923 840 1970 recepta
870 1921 1052 1960 fuissent
1077 1922 1117 1960 in
1144 1922 1413 1961 traditionem
1442 1922 1715 1972 Spartanam.
1746 1921 1855 1960 Num
1877 1922 2016 1961 odera

376 1986 613 2025 testimonia
641 1986 826 2036 (praeter
852 1986 1125 2027 recentiorem
1150 1987 1330 2026 formam
1356 1987 1678 2037 epigrammatis
1701 1985 1773 2037 92)
1798 1985 1855 2026 ad
1878 1995 2016 2025 unum

374 2051 516 2091 omnia
546 2051 599 2090 ad
631 2051 893 2090 Herodotum
925 2063 1144 2091 recurrere
1173 2054 1319 2102 postea
1349 2052 1602 2091 videbimus.

431 2115 457 2166 ,ξ
491 2116 552 2155 19.
615 2115 682 2156 De
709 2116 1065 2168 cpiyrammatis
1090 2118 1218 2157 statu
1250 2116 1535 2169 temporibus
1562 2115 1836 2158 Simonidis.
1888 2115 2017 2157 Trae-

376 2181 504 2221 tanda
543 2193 658 2221 nunc
696 2183 818 2221 nobis
858 2183 959 2222 haec
997 2184 1190 2233 quaestio
1223 2186 1309 2232 est,
1350 2183 1424 2233 qui
1453 2183 1753 2233 explicandum
1781 2182 1859 2232 eit,
1898 2180 2017 2233 qnod

376 2247 417 2285 in
461 2247 686 2286 traditione
727 2248 782 2287 ab
825 2249 1042 2288 Herodoto
1084 2249 1247 2298 prolata
1292 2248 1534 2288 Simonides
1577 2260 1663 2287 non
1703 2247 1897 2287 omnium
1929 2245 2016 2298 qi-

375 2315 660 2362 grammatum
693 2314 756 2352 vei
785 2314 932 2353 saltem
962 2314 1181 2364 Megistiae
1209 2314 1411 2353 carminis
1436 2314 1580 2364 poeta
1606 2313 1792 2353 traditus
1818 2313 1899 2364 sit,
1938 2310 2039 2352 sed

375 2380 539 2416 tantum
570 2379 700 2417 unius
729 2379 1018 2428 inscriptionis
1047 2379 1089 2417 in
1123 2383 1260 2418 vatem
1291 2378 1544 2418 dedicator.
1580 2373 2016 2429 Expuoetiopmdn

375 2446 438 2480 est
459 2443 569 2492 inde,
593 2443 706 2492 quod
728 2444 792 2492 iis,
817 2444 975 2492 quibus
996 2447 1272 2483 monumenta
1287 2444 1667 2494 Thermopylensia
1686 2446 1790 2483 sunt
1801 2436 2013 2493 astum,

376 2509 660 2557 temporibus,
693 2509 735 2547 in
765 2509 1116 2558 inscriptionibus
1145 2509 1236 2548 sive
1263 2509 1477 2549 donativis
1506 2510 1597 2548 sive
1624 2507 1881 2549 funebribus
1898 2506 2015 2549 dedi-

375 2573 522 2611 candis
558 2574 593 2611 is
624 2574 791 2623 vigebat
821 2585 935 2623 mOS,
978 2578 1023 2612 ut
1056 2575 1368 2624 respicerentur
1396 2575 1520 2614 unice
1547 2574 1755 2614 dedicatio
1780 2571 2014 2613 dedicator.-
2066 2592 2070 2593 ⁷

376 2649 480 2686 que,
514 2638 806 2688 neglegeretur
826 2641 966 2677 autem
989 2651 1192 2689 prorsus,
1226 2641 1341 2679 unde
1361 2640 1543 2690 adeptus
1562 2642 1676 2679 oeset
1693 2637 2015 2689 inscriptionem
2041 2648 2044 2651 '

376 2702 602 2742 dedicator.
636 2704 743 2748 Quis
768 2704 1077 2754 inscriptionis,
1110 2705 1202 2744 sive
1221 2717 1270 2744 ea
1291 2708 1381 2744 erat
1405 2706 1532 2756 ligata
1553 2705 1645 2744 sive
1664 2704 1806 2744 solun
1822 2701 2016 2743 onflone

375 2769 626 2817 composita,
659 2773 768 2807 esset
789 2772 950 2818 auctor,
984 2773 1128 2809 utrum
1150 2770 1366 2809 dedicator
1387 2771 1478 2809 suis
1498 2770 1634 2820 ipsius
1654 2769 1798 2809 verbis
1815 2768 2015 2819 pidatoen

420 2932 467 2964 Η)
515 2934 689 2966 Diales-tus
719 2935 790 2965 sota
822 2934 913 2975 apud
950 2934 1165 2967 Herodotum
1201 2945 1269 2967 non
1295 2936 1433 2976 integra
1457 2941 1511 2967 est
1534 2940 1690 2969 servata:
1722 2945 1795 2977 qua
1817 2934 1861 2968 de
1883 2943 1923 2968 ro
1943 2932 2013 2967 vid.

377 2990 410 3022 in
435 2991 496 3021 ult.
521 3000 550 3031 p.
576 2990 610 3022 ii.
633 3000 759 3022 comui.
908 2984 922 2994 ²

419 3044 466 3077 ⁴5)
515 3046 562 3078 De
596 3047 782 3078 tin-titione
816 3048 1115 3088 epigrammatum
1150 3046 1457 3079 Corinthiacorum
1492 3048 1561 3080 vid.
1595 3046 1613 3088 ἓ
1644 3046 1709 3086 29;
1744 3047 1788 3078 de
1822 3046 2016 3086 tradition

375 3102 639 3142 epigrammatis
661 3102 836 3144 Tegeatici
860 3102 957 3142 (¹02)
982 3103 1052 3151 vid.⁸
1072 3105 1132 3135 ait..
1159 3103 1266 3135 buius
1289 3113 1414 3136 eornm.
1440 3108 1528 3144 part.
