2072 3568
940 223 1016 265 179
1509 226 1535 279 g
1568 227 1665 279 100,
1701 228 1789 269 101.
1815 243 1818 245 >

158 349 511 401 epigrammatum
536 347 877 388 Simonideorum
899 350 1030 390 series
1051 350 1254 400 leguntur
1274 351 1317 389 in
1340 351 1519 401 septimo
1539 353 1648 392 libro
1668 354 1789 403 duae,

81 402 342 465 ζὲῑιιιιατιιηι
384 414 502 464 prior
542 414 834 463 complectitur
875 425 970 464 epp.
1010 413 1109 453 VII.
1148 415 1383 464 248—259,
1429 417 1576 465 paucis
1614 418 1794 457 aliorum

156 469 378 530 poetarum
423 477 541 528 (vn.
580 478 658 518 252
694 478 927 528 Antipatri,
969 479 1047 519 255
1084 479 1301 530 Aeschyli,
1343 481 1421 520 256
1460 481 1665 532 Platonis)
1710 483 1794 532 epi-

157 544 406 596 grammatis
434 543 708 593 interpositis.
741 544 963 594 Leguntur
991 544 1095 583 haec
1122 544 1428 595 epigrammata
1457 547 1598 585 omnia
1628 550 1794 596 praeter

75 618 99 660 :f
157 620 223 659 ep.
253 608 331 648 254
359 607 409 657 b,
450 608 503 646 de
539 619 625 657 quo
661 608 774 647 infra
810 608 970 658 dicam,
1013 609 1139 648 etiam
1174 610 1289 659 apud
1326 611 1583 660 Planudem,
1625 612 1668 650 in
1698 612 1794 650 libri

156 673 268 714 tertii
302 673 512 723 capitibus
549 672 607 717 εἷς
643 671 884 728 ἅνδρείρυς,
927 684 985 712 sc.
1018 686 1112 723 epp.
1143 673 1241 714 VII.
1275 675 1352 714 252
1390 676 1599 726 Antipatri
1636 678 1680 715 in
1711 678 1794 727 syl-

78 735 113 793 ’ζ’
155 738 251 791 loge
285 739 518 790 posteriore
553 737 622 789 4¹³,
665 740 688 778 5
729 738 918 790 (nomine
953 739 1155 790 omisso),
1197 742 1333 780 cetera
1371 742 1512 780 omnia
1551 742 1594 780 in
1633 743 1795 792 sylloge

85 843 91 856 ,ἱ
157 804 297 856 priore
333 805 403 854 5³,
446 803 603 843 19-28
642 802 906 854 (nominibus
943 805 1114 843 omissis
1152 805 1508 855 epigrammatum
1549 807 1703 846 19—23
1741 824 1794 839 =

157 867 256 910 VII.
287 868 521 918 248-251,
563 867 685 918 253),
727 868 873 907 eodem
911 869 1060 908 ordine
1096 881 1182 919 quo
1219 871 1263 909 in
1302 871 1516 922 Palatino,
1559 873 1641 910 nisi
1678 874 1793 922 quod

157 934 344 974 Platonis
380 934 642 984 epigramma
672 932 772 973 VII.
805 933 883 973 256
922 946 1007 973 non
1046 936 1143 984 post
1172 934 1270 975 VII.
1303 936 1381 975 255
1409 937 1564 987 legitur
1593 937 1666 976 sed
1696 939 1794 976 ante

2 1012 3 1015 ¹
155 999 380 1051 gemellum
410 997 510 1038 VII.
543 998 620 1038 259
653 997 791 1049 (Plan.
824 997 925 1037 1112.
958 1000 996 1038 5.
1029 998 1114 1050 29).
1148 999 1242 1046 Qua
1271 1001 1324 1040 de
1351 1013 1480 1040 eausa
1510 1002 1670 1041 conicio
1698 1005 1793 1052 post

75 1063 111 1115 ji‘
157 1063 385 1114 cephalam
421 1063 584 1102 librarii
612 1075 757 1102 errore
784 1063 888 1103 illud
917 1065 1179 1114 epigramma
1208 1078 1231 1105 a
1261 1067 1438 1116 gemello
1467 1079 1546 1106 suo
1574 1068 1791 1107 divulsum

154 1129 267 1168 intra
324 1128 665 1168 Simonideorum
722 1129 1078 1179 epigrammatum
1134 1131 1285 1170 seriem
1341 1133 1522 1171 tractum
1579 1145 1673 1171 esse
1700 1132 1790 1183 149);

67 1228 99 1246 ς,
158 1193 449 1234 Stadtmiilleri
483 1194 595 1232 enim
630 1194 871 1234 coniectura
896 1194 962 1245 ,(ρ.
991 1194 1179 1246 LXIII),
1223 1196 1452 1246 Cephalam
1481 1198 1664 1236 fortasse
1692 1199 1792 1236 Ere-

155 1258 329 1298 triensia
350 1259 453 1298 'duo
491 1260 688 1309 separata
725 1259 993 1310 exhibuisse,
1034 1261 1149 1309 quod
1186 1262 1399 1311 posterius
1437 1263 1515 1301 259
1548 1275 1570 1301 e
1608 1264 1794 1313 Diogene

69 1320 112 1377 f.
157 1323 322 1363 Laertio
337 1322 448 1375 ,(ΙΙΙ.
472 1322 542 1374 33)
568 1324 806 1374 hausisset,
840 1325 962 1374 prius
986 1325 1064 1365 256
1088 1337 1183 1365 cum
1210 1328 1557 1366 antecedentibus
1581 1328 1792 1368 246—258

154 1399 208 1428 ex
244 1388 341 1428 Cor.
379 1389 492 1439 Mel.,
533 1389 683 1428 ordine
710 1389 930 1428 Planudeo
958 1390 1176 1430 refellitur.
1224 1393 1463 1442 Utrumque
1490 1405 1554 1443 ep.
1584 1394 1792 1443 Cephalas

103 1458 106 1459 ’
154 1464 207 1493 ex
242 1453 455 1504 Meleagro
490 1454 653 1502 hausit;
692 1465 757 1504 ep.
797 1466 897 1494 vero
933 1454 1032 1495 VII.
1070 1456 1148 1495 259
1186 1458 1222 1495 ei
1260 1469 1356 1496 cum
1395 1459 1510 1508 apud
1548 1459 1662 1498 hune
1700 1461 1789 1498 tum

154 1519 269 1569 apud
298 1519 526 1570 Diogenem
556 1521 726 1569 praesto
753 1522 843 1559 erat
874 1519 944 1571 (cf.
976 1519 1002 1572 ξ
1034 1520 1118 1571 74).
1166 1515 1274 1561 Ecce
1301 1523 1452 1562 series:

315 1583 352 1623 1.
410 1584 494 1623 ΑΡ.
519 1583 618 1623 VII.
647 1584 726 1624 248
780 1602 832 1617 =
859 1597 924 1636 ep.
957 1586 1060 1626 Sim.
1100 1587 1148 1626 91

314 1649 352 1688 2.
648 1650 726 1690 249
780 1667 834 1683 =
1099 1651 1150 1691 92

315 1713 353 1753 3.
649 1714 728 1754 250
782 1732 835 1747 --
1100 1716 1151 1756 97

314 1778 353 1818 4.
648 1779 724 1819 251
782 1797 834 1812 =
1100 1781 1151 1820 99

369 1843 384 1896 [
646 1846 724 1885 252
1177 1845 1405 1898 Antipatri]

313 1911 351 1950 5.
645 1911 723 1951 253
780 1929 832 1944 -=
1074 1912 1151 1951 100

313 1975 351 2014 6.
647 1976 726 2015 254
782 1993 834 2007 =
1071 1976 1152 2016 108

314 2040 350 2079 7.
462 2036 465 2038 ’
645 2041 754 2080 2545
778 2057 831 2072 =
1072 2042 1148 2080 127
1176 2042 1219 2080 in
1249 2053 1384 2092 marg.
1415 2054 1509 2092 sup.
1538 2055 1562 2081 a
1592 2043 1624 2082 C
1654 2055 1735 2081 scr.

368 2103 383 2156 [
644 2105 722 2145 255
839 2114 845 2118 ”
1175 2105 1387 2157 Aeschyli]

368 2168 384 2221 [
645 2171 724 2210 256
1177 2170 1382 2222 Platonis]

312 2235 350 2275 8.
644 2236 723 2275 257
779 2253 831 2268 =
1072 2237 1144 2275 101
1176 2249 1243 2286 ap.
1274 2237 1403 2286 Ceph.
1435 2237 1486 2287 (C
1515 2254 1566 2269 =
1597 2237 1679 2288 Pl.)
1715 2237 1789 2277 ‘in-

1176 2301 1276 2340 certi
1306 2300 1523 2351 auctoris’,
1557 2302 1630 2340 sed
1656 2302 1789 2341 Simo-

1174 2366 1285 2404 nidis
1315 2377 1468 2405 nomen
1498 2367 1541 2404 in
1573 2366 1670 2406 Cor.
1691 2367 1784 2405 Mel.

1169 2431 1463 2481 epigrammati
1478 2432 1710 2481 ascriptum
1728 2432 1789 2470 in·

1174 2496 1288 2534 venit
1306 2495 1444 2535 Schol.
1460 2497 1588 2536 Arist.
1604 2498 1656 2536 cf.
1676 2495 1702 2548 ξ
1720 2497 1783 2536 57.

312 2560 350 2599 9.
645 2560 725 2600 258
779 2576 831 2592 --
1072 2560 1147 2600 105

1176 2626 1295 2665 Plato
1328 2627 1364 2665 is
1389 2656 1398 2665 .

97 2663 295 2738 §³12²Unum
335 2623 596 2740 epigramma
639 2625 735 2741 ἒὲἓῐ
777 2675 1006 2741 Cephalam
1048 2690 1219 2729 demum
1263 2624 1401 2730 orldi't‘lii
1442 2692 1684 2731 Simonideo
1723 2704 1787 2731 ae-

153 2754 297 2793 eesait:
335 2766 394 2795 se.
432 2767 497 2806 ep.
531 2754 629 2796 VII.
668 2756 745 2796 254
775 2756 825 2807 b,
867 2757 982 2806 quod
1011 2767 1149 2806 neque
1178 2757 1391 2795 Planudes
1422 2757 1593 2795 novisse
1623 2757 1788 2795 videtur

153 2819 194 2857 et
229 2830 254 2858 a
292 2819 325 2859 O
362 2820 405 2859 in
443 2821 636 2872 margine
673 2822 893 2872 superiore
921 2822 1102 2872 paginae
1130 2822 1335 2871 scriptum
1365 2823 1451 2871 est,
1492 2834 1543 2860 ex
1574 2822 1787 2860 Michaelis

102 2990 112 2997 *
197 2977 260 3019 ¹⁴⁹)
307 2979 376 3012 Hac
398 2990 479 3013 cum
505 2990 542 3013 re
567 2982 712 3014 fortasse
737 2981 998 3023 quodammodo
1021 2981 1202 3021 cohaeret,
1226 2982 1318 3023 qnod
1345 2981 1368 3012 l.
1392 2981 1472 3012 huic
1494 2991 1547 3022 ep.
1568 2985 1604 3012 et
1624 2982 1787 3023 sequenti

7 3030 11 3032 ’
154 3032 225 3067 Vll.
255 3033 320 3068 257
352 3031 465 3069 unum
494 3038 625 3070 lemma
649 3036 771 3079 (idque
795 3037 836 3069 ad
864 3037 985 3078 prioris
1008 3037 1273 3078 epigrammatis
1297 3036 1468 3068 distichon
1493 3036 1661 3073 altorum)
1685 3036 1786 3068 attri-

153 3088 271 3124 buerit
290 3089 340 3128 εἰς
363 3089 444 3128 τοὺς
464 3089 713 3135 Ἐρετριεῖς
736 3090 798 3125 καὶ
818 3090 1083 3135 Ἀθηναίους
1107 3090 1201 3133 mk,
1225 3093 1318 3135 quod
1343 3103 1363 3125 a
1386 3092 1412 3125 C
1438 3093 1621 3125 inductum
1646 3096 1709 3125 est.

113 3148 115 3150 ’
1588 3145 1655 3180 12*
