2072 3568
379 250 479 301 Cap.
513 249 601 300 111,
634 248 751 289 3—-5,
1168 246 1218 288 84

433 376 659 415 Videamus
707 375 843 414 locum
885 374 1039 425 ipsum.
1084 374 1347 414 Praebentur
1385 374 1427 413 in
1466 373 1810 416 Tusculanarum
1847 370 1958 418 libro
1992 370 2014 416 1

376 441 566 491 exempla
605 452 775 490 eorum,
817 441 889 490 qui
930 440 1144 491 praeclare
1181 440 1390 480 factorum
1420 441 1577 480 conscii
1607 441 1705 481 lorti
1733 442 1879 483 auimo
1904 453 2016 484 mor·

377 512 459 546 tem
488 506 793 546 occubuerunt.
830 506 929 544 Post
958 506 1263 545 Theramenem
1301 505 1384 556 (40.
1417 506 1488 555 96)
1531 506 1836 558 Socratemque
1855 507 1939 558 (40.
1961 507 2015 549 97

377 572 492 622 sqq.)
538 572 733 611 laudatos
775 571 1015 611 illustratur
1058 571 1206 611 mortis
1249 571 1316 611 illa
1360 572 1638 622 contemptio,
1681 583 1768 623 qua
1812 571 2014 624 Spartani

376 637 672 687 inclaruerint,
728 637 867 676 tribus
909 636 1135 687 exemplis,
1190 648 1375 686 quorum
1418 636 1498 676 hoc
1539 636 1724 678 medium
1765 639 1851 678 est:
1892 636 2017 690 ‘pan'

376 701 536 743 animo
594 701 949 743 Lacedaemonii
995 700 1044 741 in
1096 700 1412 753 Thermopylis
1458 700 1745 753 occider-unt,
1799 701 1853 743 in
1897 713 2017 756 quos

376 767 735 809 Simonides:
759 767 932 808 “dic—
949 766 1294 820 obsequimur’'.
1328 767 1371 807 E
1393 766 1563 820 quibus
1576 779 1717 819 unus,
1740 766 2017 810 014um

374 833 520 874 hostis
557 832 608 873 in
642 833 876 886 colloquio
915 832 1104 874 dixisset
1130 832 1368 885 ylorc‘ans:
1410 832 1584 874 “solem
1609 844 1726 886 prae
1752 832 2014 875 iaculorum

375 898 678 939 multitudine
706 900 748 939 et
775 898 1059 951 sayittarum
1089 910 1184 939 non
1212 898 1476 949 videbitis'’,
1513 898 1597 939 “in
1625 897 1794 939 umbra
1812 897 2010 952 igitur-'2

374 964 551 1016 inquit,
598 964 1020 1017 “puynabimus”’.
1064 965 1171 1005 Cum
1207 965 1311 1004 haec
1349 965 1539 1005 narratio
1567 968 1658 1004 tum
1686 966 1872 1015 ceterae,
1901 975 2015 1016 quae

375 1031 534 1080 reliqua
586 1031 777 1080 exempla
820 1030 1056 1080 illustrant,
1113 1030 1394 1070 inveniuntur
1434 1032 1476 1069 et
1518 1029 1617 1069 alibi
1658 1032 1699 1070 et
1739 1029 1856 1081 apud
1898 1029 2009 1070 Plut.

373 1096 583 1146 Apophth.
619 1097 714 1136 Lac.
747 1095 846 1146 209,
880 1096 981 1146 225,
1015 1096 1096 1135 nisi
1124 1096 1239 1146 quod
1267 1096 1530 1146 epigramma
1558 1095 1700 1146 ipsum
1727 1094 1861 1142 deest.
1889 1094 2013 1136 Coni-

372 1162 459 1201 cias
497 1162 740 1202 Ciceronem
778 1164 853 1201 aut
889 1164 1106 1200 auctorem
1143 1162 1236 1200 eius
1274 1182 1326 1189 —
1362 1161 1561 1211 quisquis
1604 1160 1686 1200 iuit
1721 1181 1776 1189 --
1811 1160 2015 1211 petivisse

374 1228 639 1267 narrationes
665 1227 758 1266 illas
781 1238 833 1266 ex
858 1227 1064 1277 scriptore
1087 1226 1273 1276 quodam
1299 1238 1442 1266 rerum
1467 1225 1807 1266 memorabilium
1830 1224 1904 1277 (ci.
1918 1225 2013 1267 vni..

374 1293 484 1332 Max.
518 1293 599 1332 ΙΙΙ.
633 1293 671 1331 2.
704 1294 787 1331 ext.
815 1291 859 1342 3,
895 1292 930 1331 7.
955 1294 1037 1331 ext.
1062 1290 1120 1342 8).
1155 1291 1289 1331 Cuius
1307 1291 1625 1331 annotationem
1644 1290 1698 1330 de
1715 1290 2013 1343 Thermopylis

371 1358 425 1397 ad
465 1358 728 1397 Herodotum
766 1358 949 1407 denique
987 1369 1206 1396 recurrere
1243 1357 1516 1397 manifestum
1554 1359 1620 1397 est
1658 1356 1731 1407 (ci.
1774 1356 1875 1397 ner.
1911 1355 2009 1397 vll.

371 1423 450 1462 226
493 1422 633 1473 sqq.),
680 1435 732 1462 ex
775 1435 861 1473 quo
902 1425 942 1462 et
983 1423 1245 1473 epigramma
1297 1426 1337 1462 et
1380 1434 1533 1462 nomen
1580 1421 1812 1462 Simonidis
1851 1421 2012 1463 arcessi

372 1491 615 1537 potuerunt.
671 1488 882 1534 Quoniam
930 1491 1071 1528 autem
1110 1489 1372 1539 epigramma
1401 1488 1544 1538 ipsum
1572 1499 1597 1527 a
1626 1487 1857 1528 Plutarcho
1882 1489 2014 1539 atque

371 1553 535 1593 Valerio
587 1565 672 1593 non
715 1554 960 1603 exhibetur,
1007 1554 1099 1593 fieri
1141 1565 1313 1604 quoque
1354 1556 1514 1604 potest,
1561 1556 1607 1592 ut
1645 1553 1815 1603 Cicero,
1859 1553 1926 1592 vir
1964 1552 2011 1593 in

372 1619 584 1658 historicis
613 1620 786 1659 Graecis
817 1620 1137 1659 versatissimus
1165 1641 1218 1647 —
1239 1619 1303 1658 vel
1333 1619 1518 1658 fortasse
1546 1619 1629 1659 iam
1653 1620 1804 1669 auctor
1824 1617 2007 1669 εἰπε-η

369 1684 632 1734 epigramma
669 1696 722 1724 ex
752 1685 968 1724 Herodoto
998 1685 1245 1724 recordatus
1275 1684 1623 1724 narratiunculae
1650 1683 1891 1724 inseruerit.
1935 1682 2011 1724 Vel

370 1750 430 1789 sic
457 1750 588 1801 igitur
617 1750 763 1790 Cicero
791 1751 972 1789 formam
1001 1750 1052 1789 A·
1085 1751 1264 1790 vertisse
1293 1750 1473 1790 videtur.

424 1815 562 1854 Locus
608 1815 823 1855 Ciceronis
871 1816 975 1854 nihil
1022 1816 1186 1855 confert
1222 1816 1276 1855 ad
1312 1816 1653 1855 constituendam
1689 1814 2010 1867 epigrammatis

368 1879 659 1929 traditionem,
692 1880 850 1930 quippe
876 1891 1007 1929 quam
1035 1881 1118 1919 iam
1138 1891 1307 1919 omnem
1328 1880 1499 1919 aliunde
1522 1880 1735 1931 cognitam
1754 1879 2005 1920 habeamus.

368 1944 514 1993 Neque
541 1966 593 1972 —
621 1945 736 1994 quod
765 1945 956 1995 plerique
983 1945 1176 1984 arbitrati
1205 1949 1308 1984 sunt
1337 1967 1387 1973 —
1408 1947 1581 1996 propter
1602 1946 1695 1985 eius
1717 1943 2009 1985 testimonitun

368 2010 503 2048 tutius
548 2010 811 2060 epigramma
849 2010 1054 2050 vindicari
1094 2013 1232 2061 potest
1269 2010 1499 2061 Simonidi,
1552 2011 1676 2051 cuius
1712 2009 2007 2051 auctoritatem

367 2086 416 2114 ea
446 2075 535 2114 sola
563 2075 616 2114 de
653 2087 782 2115 causa
812 2078 970 2115 certam
998 2087 1094 2115 esse
1122 2075 1309 2115 vidimus
1339 2075 1387 2127 (ἓ
1420 2076 1513 2127 18),
1551 2076 1667 2126 quod
1696 2076 1788 2116 loco
1817 2074 2007 2116 Herodo-

367 2142 434 2179 teo
480 2162 531 2168 —
577 2152 663 2190 quo
710 2140 855 2180 Cicero
892 2152 1064 2191 quoque
1102 2141 1176 2180 niti
1222 2141 1390 2181 videtur
1434 2164 1487 2169 —
1528 2144 1651 2192 poeta
1687 2140 2008 2195 epigrammatis

367 2206 586 2256 Megistiae
619 2206 835 2246 dedicator
872 2209 1062 2246 vocatur.
1105 2207 1364 2247 Testimonio
1400 2207 1679 2247 Ciceroniano
1712 2206 1837 2247 facile
1861 2216 2009 2247 carue

366 2283 611 2321 possumus.

1039 2398 1077 2436 4.
1138 2405 1333 2437 STRABO.

421 2529 447 2583 ξ
486 2532 551 2571 46.
613 2530 680 2572 De
721 2531 968 2573 Strabonis
1014 2532 1161 2573 verbis
1198 2545 1265 2584 ep.
1309 2532 1374 2573 92
1408 2532 1736 2584 spectantibus.
1794 2532 1917 2579 Quae
1949 2531 2006 2573 de
2065 2552 2072 2566 τ

279 2627 283 2631 .
365 2597 609 2646 quinque
635 2598 769 2647 cippis
798 2598 1234 2648 Thermopylensibus
1262 2599 1466 2648 leguntur
1493 2599 1609 2648 apud
1641 2597 1896 2638 Strabonem
1921 2596 1999 2638 ‹IX-
2067 2620 2072 2621 ν

365 2663 402 2700 4.
444 2662 469 2700 2
499 2674 538 2711 p.
571 2662 672 2712 425,
713 2675 760 2702 ea
790 2667 960 2713 accepta
991 2664 1138 2702 referri
1167 2664 1421 2713 Apollodoro
1448 2664 1854 2703 demonstraverunt
1878 2662 2005 2707 Nioee

366 2727 445 2766 Rh.
479 2727 588 2765 Mus.
621 2727 686 2766 32.
723 2727 824 2766 1877
854 2740 894 2778 p.
926 2728 1004 2767 267
1034 2740 1128 2778 sqq.
1161 2732 1291 2778 atque
1321 2729 1537 2768 Schwartz
1567 2728 1815 2769 PW.—RE.
1838 2727 1874 2768 1.
1894 2726 2020 2768 2867-

366 2791 438 2842 (οἱ.
473 2790 499 2842 ἓ
532 2791 581 2830 16
610 2803 651 2830 ιι.
683 2791 768 2841 31).
801 2792 921 2837 Quae
948 2796 1090 2832 autem
1119 2794 1247 2843 paulo
1275 2797 1370 2844 post
1399 2794 1472 2833 IX.
1504 2795 1542 2833 4.
1578 2793 1628 2833 16
1658 2806 1699 2844 p.
1730 2792 1810 2834 429
1830 2792 1887 2833 de
1906 2792 2003 2843 ipso

365 2957 432 2989 iam
472 2957 594 2989 ‹ilocue
596 2961 641 2989 m
678 2958 768 2999 apud
806 2958 981 2991 Romanos
1013 2959 1247 2992 Tarentinum
1284 2961 1472 3002 mgenter
1506 2961 1705 2994 lectitatum
1739 2969 1817 2993 osse
1849 2958 2003 2993 testibus

364 3013 447 3044 ins-1·
450 3013 647 3054 iptionibus
684 3013 904 3055 Pompeianis
941 3015 1036 3048 Knib.
1069 3015 1291 3049 1103-1106
1321 3017 1404 3049 locis
1388 3027 1476 3059 sque
1506 3028 1543 3059 qu
1534 3017 1720 3049 uibnsdam
1754 3015 2000 3058 Proper-tinnis..
2025 3045 2032 3050 ,
2060 3010 2072 3088 {3

365 3068 470 3100 ΝιιίΙιι
508 3079 591 3109 ergo
627 3070 858 3103 ιιιιίὋιιεΙιΙεηΙ
897 3077 952 3103 est
990 3072 1179 3104 necessitas
1216 3072 1419 3106 Ciceronem
1457 3074 1522 3105 nisi
1555 3083 1598 3106 ex
1633 3072 1767 3106 somna
1802 3062 2001 3114 Meleagrum³
2062 3079 2072 3154 Ξ

365 3123 468 3156 leoni
472 3125 576 3158 «lcum
601 3126 817 3167 epigramma
839 3137 968 3167 cognos
979 3137 1047 3159 vm
1070 3138 1139 3160 non
1165 3129 1330 3170 potuisse.

2059 3259 2072 3323 z}
