2072 3568
887 199 963 238 137
1512 197 1537 249 ἓ
1568 198 1739 237 81-84.

109 324 202 377 epp.
231 322 473 365 Simonidea
502 324 644 363 adsint
671 323 715 362 in
745 324 845 374 AP.,
878 335 988 373 quae
1016 335 1091 373 per
1120 325 1359 373 temporum
1388 324 1618 363 decursum
1647 335 1743 362 aue-

109 391 213 433 toris
236 402 390 430 nomen
414 389 634 428 amiserint
652 391 781 438 atque
798 389 903 428 adeo
923 389 1049 428 aliam
1069 389 1364 428 auctoritatem
1384 389 1632 438 asciverint,
1666 400 1744 427 nos

38 495 41 498 ,
109 468 211 497 vero
236 455 424 506 fugiant,
458 467 555 494 eum
584 454 683 493 alibi
716 454 946 494 Simonidis
975 454 1147 493 nomine
1173 456 1325 493 ornata
1352 466 1437 492 non
1459 454 1739 503 reperiantur.

36 559 48 567 ,
161 522 300 568 Quam
338 521 468 560 variis
506 520 758 570 corruptelis
797 520 1074 570 Anthologiae
1111 520 1329 558 Palatinae
1361 519 1469 558 tituli
1498 531 1574 569 per
1603 519 1744 558 varias

10 576 59 642 fs*
109 587 305 636 deinceps
346 586 702 636 epigrammatum
745 585 1008 624 collectiones
1050 585 1209 623 fuerint
1251 585 1448 634 obnoxii,
1493 596 1746 623 enumerare

109 663 224 692 nunc
252 651 509 701 supersedeo
540 649 610 701 (cf.
641 649 667 702 ξ
700 649 815 700 142);
846 662 996 689 moneo
1020 652 1162 689 tamen
1186 650 1229 688 in
1259 650 1513 689 Simonideis
1537 650 1744 699 epigram-

110 717 233 757 matis
253 716 506 767 peculiarem
527 716 810 766 corruptelam
830 727 882 754 ex
898 715 1174 754 similitudine
1189 715 1325 754 nostri
1343 711 1742 765 (ZIMQNIAOY)

109 785 150 823 et
189 782 398 832 Antipatri
444 781 606 821 sidonii
651 777 997 832 (ΣΙΔΩΝΙΟῩ)
1041 783 1081 819 et
1116 779 1326 820 ‘Simmiae
1370 776 1742 831 (ZJMJMJJoY)

109 848 329 888 nominum
358 849 503 886 natam
531 858 626 886 esse
654 845 739 897 103).

9 957 11 960 ,
31 910 50 965 J
162 913 292 953 Nobis
320 913 451 963 igitur
478 913 588 951 tituli
615 911 674 951 illi
707 912 938 952 Simonidei
963 912 1218 950 vetustiores
1237 923 1288 950 ex
1311 910 1481 961 Sylloge
1503 910 1745 949 Simonidea

109 979 330 1030 propagati
359 978 607 1018 secernendi
636 979 738 1017 sunt
766 989 791 1017 a
821 977 1146 1027 recentioribus,
1179 977 1337 1026 quibus
1366 976 1408 1014 in
1440 976 1535 1015 Cor.
1560 975 1653 1014 Mel.
1680 975 1745 1014 vel

7 1058 11 1096 j
38 1067 54 1093 5
108 1044 152 1084 in
191 1044 315 1083 Anth.
349 1044 478 1094 Ceph.
513 1043 579 1082 vel
616 1043 721 1082 adeo
759 1043 803 1081 in
842 1043 968 1081 Anth.
1002 1042 1089 1081 Pal.
1122 1042 1215 1092 ipsa
1253 1042 1394 1091 aliquo
1432 1052 1575 1080 errore
1609 1041 1745 1079 aliena

108 1121 202 1160 epp.
235 1111 338 1148 sunt
373 1111 536 1148 ornata.
584 1109 707 1148 Tales
745 1108 799 1147 ad
836 1109 982 1147 titulos
1020 1108 1274 1147 vetustiores
1310 1109 1423 1147 certo
1457 1106 1744 1157 designandos

8 1182 9 1186 ’
34 1173 61 1223 ’.ς’
109 1175 310 1215 adhibere
337 1186 569 1225 possumus
598 1174 752 1213 indicia
781 1174 885 1213 haec
913 1174 1012 1223 tria,
1046 1174 1099 1212 de
1126 1184 1310 1223 quorum
1341 1172 1503 1211 ratione
1533 1171 1558 1222 ξ
1590 1172 1660 1221 98,
1693 1172 1745 1210 de

109 1252 293 1292 quorum
321 1252 405 1280 usu
436 1239 462 1292 ξ
493 1240 543 1280 99
573 1252 666 1290 sqq.
699 1240 1035 1290 disputabimus:

41 1298 62 1304 '⁷
161 1317 203 1347 a.
265 1304 461 1346 traditio
490 1304 527 1346 S
554 1305 896 1346 Simonideorum
924 1305 1298 1355 epigrammatum;

162 1370 202 1412 b.
262 1370 450 1412 ordines
480 1371 711 1411 Simonidei
740 1371 938 1419 Palatini;

168 1448 202 1476 e.
262 1435 551 1477 imitationes
581 1436 848 1476 Simonideae
876 1435 1130 1475 Mnasalcae.

61 1547 66 1550 ,
165 1501 191 1553 §
230 1502 295 1541 83.
361 1501 662 1551 Quaestione-s
695 1499 1082 1552 praemittendae.
1143 1500 1379 1550 Antequam
1419 1511 1520 1538 vero
1558 1499 1639 1537 illis
1678 1499 1744 1537 usi

109 1566 275 1606 indiciis
303 1567 358 1607 ad
386 1568 542 1607 rudera
574 1567 768 1618 Sylloges
800 1566 1068 1606 Simonideae
1095 1566 1139 1605 in
1169 1566 1294 1605 Anth.
1328 1565 1415 1604 Pal.
1443 1564 1621 1603 definire
1651 1576 1744 1613 pro-

35 1640 66 1670 ,ἓ
110 1629 433 1684 ςτθᾶίαωυτῇ(ξ
459 1633 511 1673 98
535 1631 668 1683 sqq.)‚
701 1632 972 1682 quaestiones
1001 1631 1209 1681 quaedam
1240 1631 1468 1670 solvendae
1496 1631 1597 1668 sunt
1626 1641 1744 1679 prac-

39 1691 66 1721 s*
110 1697 316 1737 eedentes.
350 1699 458 1737 Nam
487 1698 674 1748 primum
703 1697 989 1737 dirimendum
1013 1698 1095 1746 est,
1129 1708 1232 1735 num
1257 1696 1367 1734 idem
1392 1695 1446 1734 sit
1469 1694 1744 1733 tribuendum

109 1762 291 1802 diversis
319 1763 490 1813 scribis,
523 1763 597 1813 qui
626 1763 670 1802 in
699 1763 790 1802 cod.
815 1763 948 1801 Palat.
977 1763 1200 1801 auctorum
1224 1761 1369 1800 titulos
1389 1761 1743 1811 epigrammatum

110 1828 242 1867 textui
270 1828 563 1879 ascripserunt
594 1827 640 1879 (ξ
671 1827 757 1878 85).
810 1828 969 1867 Deinde
997 1827 1306 1877 disputandum
1335 1828 1398 1865 est
1426 1826 1478 1864 de
1506 1826 1556 1864 iis
1585 1825 1741 1874 titulis,

110 1893 184 1943 qui
207 1893 451 1933 dubitanter
475 1893 761 1933 Simonideam
785 1893 1140 1944 epigrammatum
1161 1892 1430 1942 quorundam
1452 1891 1744 1930 auctoritatem

7 1973 10 2004 ς
54 1991 63 1994 ..
109 1958 321 1998 testantur
351 1957 398 2011 (ἓ
428 1958 480 1999 86
509 1958 641 2010 sqq.),
674 1961 803 2008 atque
829 1959 882 1998 de
909 1959 961 1997 iis
990 1958 1328 2009 epigrammatis,
1361 1968 1471 2006 quae
1491 1957 1557 1995 bis
1580 1957 1745 2006 recepta

6 2042 11 2064 z
111 2035 227 2064 nunc
257 2024 463 2064 Simonidi
493 2036 608 2064 nunc
636 2025 705 2064 alii
734 2026 881 2074 poetae
909 2024 1188 2074 assignantur
1220 2021 1266 2074 (ξ
1297 2023 1348 2062 89
1378 2021 1510 2072 sqq.).
1557 2022 1665 2060 Tum
1694 2021 1746 2060 de

6 2082 8 2084 ’
44 2090 62 2138 ζ
110 2088 272 2128 ambitu
299 2089 577 2140 Anthologiae
606 2089 874 2139 Cephalanae
901 2089 980 2128 erit
1010 2089 1241 2128 videndum
1271 2088 1358 2137 vel,
1391 2087 1505 2136 quod
1529 2087 1572 2125 in
1599 2088 1744 2125 nostra

6 2157 10 2167 ²
111 2154 358 2204 quaestione
402 2154 550 2194 eodem
597 2155 730 2203 redit,
786 2154 1025 2205 rogandum
1042 2184 1052 2204 ,
1104 2165 1207 2192 num
1257 2153 1507 2203 Anthologia
1555 2152 1744 2190 Palatina

47 2214 63 2261 ζ
111 2218 322 2259 eontineat
371 2220 677 2270 epigrammata
732 2219 1000 2269 Simonidea,
1056 2230 1166 2268 quae
1217 2230 1301 2257 non
1354 2218 1508 2256 hausta
1559 2217 1644 2255 sint
1693 2228 1744 2255 ex

61 2299 64 2305 ’
110 2283 362 2335 Anthologia
392 2285 634 2335 Cephalana
666 2284 712 2336 (ξ
743 2286 793 2324 94
824 2283 926 2335 sq.).
961 2284 1151 2333 Denique
1179 2283 1481 2333 inquirendum
1510 2283 1606 2332 erit,
1641 2293 1744 2320 num

111 2351 277 2400 praeter
321 2350 521 2401 Syllogen
569 2350 855 2390 Simonideam
898 2350 1006 2389 alius
1048 2360 1219 2398 quoque
1260 2349 1356 2387 fons
1390 2348 1743 2398 epigrammatum

59 2415 61 2417 ’
114 2413 454 2455 Simonideorum
484 2417 654 2466 praesto
682 2415 809 2455 fuerit
838 2415 1049 2465 Meleagro
1080 2413 1126 2466 (ξ
1157 2413 1251 2465 96),
1290 2426 1392 2452 num
1423 2415 1589 2463 praeter
1619 2413 1744 2453 Coro-

113 2490 211 2520 nam
239 2481 518 2532 Meleagream
548 2481 758 2532 Cephalae
788 2480 835 2532 (ξ
865 2480 950 2531 97).

55 2557 58 2560 ·
167 2543 194 2597 5
223 2546 288 2586 84.
345 2545 596 2598 Catatoyus
619 2546 1012 2598 epiyrammatum
1037 2544 1413 2586 Simonideorum
1438 2543 1487 2584 in
1508 2543 1600 2583 ΑΡ.
1626 2542 1744 2583 obvi-

58 2703 66 2718 κ.
155 2681 219 2725 ¹⁰⁸)
263 2683 454 2726 Antipatri
482 2684 626 2718 Sidonii
662 2687 781 2727 procul
817 2685 924 2718 dubio
950 2675 1034 2718 vesse
1071 2684 1158 2717 mihi
1191 2680 1367 2716 videntur'
1385 2694 1436 2726 ep.
1470 2683 1535 2716 110
1566 2683 1647 2723 (ΑΡ.
1675 2683 1744 2715 Vll.

112 2736 178 2772 344
201 2749 223 2772 a
250 2745 285 2773 -4-
313 2740 351 2781 b,
384 2741 450 2774 vid.
479 2739 497 2782 ἓ
527 2740 606 2783 92),
637 2742 934 2784 epigrammatum
968 2752 1028 2783 par
1059 2740 1123 2773 154
1146 2745 1183 2774 et
1206 2740 1271 2773 156
1295 2740 1407 2781 (Plan.
1433 2741 1503 2772 111³.
1528 2740 1558 2772 ⁶2.
1584 2739 1598 2771 1
1628 2751 1678 2781 sq.
1706 2750 1743 2767 =

45 2818 65 2846 7
112 2802 190 2837 app.
214 2795 310 2829 Plan.
334 2795 378 2829 23
401 2795 486 2840 sq.)‚
510 2807 563 2839 ep.
591 2797 654 2830 120
677 2797 760 2839 (ΑΡ.
782 2798 853 2831 Vll.
879 2797 964 2839 514,
988 2798 1030 2830 cf.
1056 2797 1072 2839 ἓ
1097 2797 1195 2838 102);
1220 2797 1445 2839 probabiliter
1462 2807 1536 2839 epp.
1555 2796 1637 2836 180,
1662 2795 1746 2834 1823,

49 2863 74 2902 “ſs
112 2849 197 2893 184,
226 2850 290 2885 187
321 2852 404 2893 (ΑΡ.
427 2853 498 2886 Vll.
523 2853 584 2895 20,
608 2853 670 2895 24,
693 2854 747 2887 25.
780 2855 871 2887 Xlll.
898 2853 966 2892 11).
1002 2854 1179 2887 Simmiae
1204 2858 1342 2896 praeter
1364 2864 1415 2894 ep.
1441 2853 1506 2885 11ίὶ
1530 2853 1623 2885 tituli
1649 2851 1744 2883 dubii

5 2901 8 2910 ²
113 2902 317 2949 Σιμωνίδου
341 2906 377 2940 οἱ
396 2905 436 2941 δὲ
459 2906 617 2951 Σιμμίου
641 2910 723 2950 (ΑΡ.
749 2910 818 2942 Vll.
842 2909 927 2951 647,
951 2911 994 2943 cf.
1019 2910 1035 2951 ἓ
1059 2910 1118 2949 88)
1143 2920 1195 2951 ep.
1220 2909 1300 2951 1:50,
1333 2910 1423 2951 quod
1450 2909 1540 2950 apud
1571 2909 1743 2940 vonncmn

7 2991 12 3000 ,
113 2970 155 2995 ex
186 2961 321 2997 Corona
351 2967 529 2998 servatum
561 2969 616 2999 est
647 2965 680 3007 (5
703 2965 780 3007 67),
813 2966 847 2998 in
881 2976 954 3008 qua
986 2966 1129 2998 nomina.
1161 2969 1341 3007 poetarum
1376 2965 1443 2997 inm
1469 2966 1615 2997 confusa
1640 2965 1744 2997 fuiss(-

115 3018 286 3052 videntur.
322 3020 370 3053 De
403 3022 562 3054 omnium
597 3022 722 3054 horum
757 3023 1052 3063 epigrammatum
1086 3021 1295 3053 auctoritate
1329 3025 1505 3063 praeterea
1540 3021 1603 3053 vid.
1639 3021 1744 3052 huius

49 3071 58 3125 :⁵
113 3076 420 3110 commentationis
442 3078 553 3110 altena
578 3087 666 3119 pars.
